1546 2294
182 1081 253 1115 131

187 1829 263 1864 132

578 102 778 142 CICERO
809 101 886 141 DE
916 100 1152 142 OFFICIIS

284 193 543 227 venustatem
561 186 802 225 muliebrem
828 186 977 224 ducere
1003 185 1212 232 debemus,
1232 184 1477 232 dignitatem

287 256 454 294 virilem.
501 255 610 302 Ergo
630 259 674 292 et
693 268 716 292 a
735 253 864 292 forma
882 258 1138 292 removeatur
1152 255 1282 291 omnis
1296 255 1381 291 viro
1396 265 1478 290 non

289 324 438 371 dignus
458 329 635 370 ornatus,
657 328 701 361 et
719 322 814 360 huic
833 322 964 361 simile
983 324 1127 360 vitium
1146 324 1189 359 in
1208 326 1329 369 gestu
1347 325 1480 359 motu-

289 406 370 441 que
390 397 588 430 caveatur.
649 391 756 429 Nam
776 395 819 429 et
838 390 1066 438 palaestrici
1091 394 1225 428 motus
1245 394 1340 428 sunt
1360 401 1480 436 saepe

290 461 521 508 odiosiores,
551 465 595 498 et
624 459 868 498 histrionum
897 472 981 511 non
1011 458 1113 496 nulli
1142 463 1283 505 gestus
1317 460 1480 505 ineptiis

291 543 375 568 non
389 521 565 576 vacant,l
582 533 626 566 et
644 531 687 566 in
707 533 879 575 utroque
895 540 1048 574 genere
1069 540 1172 574 quae
1192 531 1288 566 sunt
1306 531 1419 565 recta
1438 530 1482 564 et

289 598 497 646 simplicia,
512 596 739 635 laudantur.
798 596 967 634 Formae
986 601 1124 634 autem
1144 595 1321 651 dignitas
1340 594 1482 634 coloris

291 667 475 705 bonitate
501 664 656 703 tuenda
683 669 758 711 est,
779 664 887 702 color
913 664 1269 702 exercitationibus
1294 665 1479 711 corporis.

292 733 540 773 Adhibenda
558 738 771 781 praeterea
788 732 990 770 munditia
1010 737 1072 771 est
1091 745 1174 770 non
1193 731 1330 770 odiosa
1348 744 1483 779 neque

293 805 494 850 exquisita
512 805 644 848 nimis,
665 806 828 839 tantum
854 814 957 848 quae
981 800 1113 848 fugiat
1137 805 1341 847 agrestem
1361 805 1405 839 et
1423 802 1484 838 in-
1543 790 1546 834 ζ

292 871 511 909 humanam
537 870 854 917 neglegentiam.
916 868 1071 907 Eadem
1091 871 1194 907 ratio
1214 873 1277 907 est
1296 867 1484 906 habenda

292 942 476 986 vestitus,
497 941 540 976 in
560 951 653 985 quo,
667 939 771 976 sicut
789 940 833 975 in
852 936 1055 985 plerisque
1075 937 1208 984 rebus,
1227 936 1484 975 mediocritas
1540 946 1546 959 ¹

291 1010 444 1055 optima
464 1011 537 1045 est.

346 1075 581 1115 Cavendum
606 1079 744 1112 autem
770 1078 846 1121 est,
865 1086 919 1112 ne
945 1078 1016 1111 aut
1042 1073 1302 1111 tarditatibus
1321 1077 1480 1111 utamur

294 1138 356 1182 in²
367 1147 552 1191 ingressu
566 1142 826 1189 mollioribus,
841 1146 888 1180 ut
902 1155 1140 1189 pomparum
1155 1141 1318 1180 ferculis
1333 1140 1482 1180 similes

295 1226 382 1251 esse
416 1211 637 1258 videamur,
671 1215 742 1248 aut
780 1212 823 1247 in
861 1209 1189 1262 festinationibus
1222 1211 1483 1257 suscipiamus

294 1283 437 1318 nimias
458 1279 702 1325 celeritates,
724 1291 826 1325 quae
847 1291 939 1315 cum
960 1277 1075 1324 fiunt,
1095 1277 1300 1315 anhelitus
1320 1290 1485 1316 moven-

294 1354 374 1396 tur,
409 1348 543 1386 vultus
581 1351 806 1393 mutantur,
845 1359 914 1384 ora
950 1351 1214 1393 torquentum
1253 1359 1302 1384 ex
1342 1346 1486 1393 quibus

294 1429 443 1463 magna
465 1414 705 1462 significatio
725 1414 771 1451 fit
789 1427 872 1452 non
898 1413 1040 1452 adesse
1065 1416 1344 1452 constantiam.
1404 1413 1486 1452 Sed

294 1484 426 1523 multo
447 1486 571 1522 etiam
589 1485 718 1530 magis
739 1482 1028 1520 elaborandum
1044 1487 1119 1528 est,
1135 1495 1188 1520 ne
1207 1483 1330 1519 animi
1350 1486 1485 1520 motus

294 1567 318 1591 a
344 1558 489 1591 natura
514 1551 730 1594 recedant;
762 1550 870 1597 quod
896 1562 1169 1596 assequemur,
1189 1552 1222 1587 si
1241 1549 1482 1596 cavebimus,
1544 1583 1546 1585 ,

295 1635 348 1660 ne
366 1623 411 1658 in
430 1620 756 1668 perturbationes
771 1623 894 1665 atque
910 1620 1229 1655 exanimationes
1247 1617 1483 1665 incidamus,
1540 1632 1542 1634 ·

296 1694 339 1727 et
383 1691 417 1726 si
453 1691 634 1725 attentos
668 1688 822 1724 animos
855 1684 907 1723 ad
945 1685 1101 1723 decoris
1135 1687 1483 1723 conservationem

295 1756 537 1795 tenebimus.

350 1824 488 1862 Motus
509 1827 647 1861 autem
666 1823 892 1859 animorum
912 1820 1094 1868 duplices
1114 1825 1221 1867 sunt,
1237 1819 1355 1859 alteri
1374 1823 1482 1868 cogi-

343 1946 507 1989 ¹ineptiis
520 1957 591 1978 non
608 1947 743 1978 vacant
756 1927 833 1976 A‘B
853 1943 886 1975 H
904 1954 928 1975 a
945 1942 968 1975 b
983 1954 991 1981 ;
1010 1943 1126 1985 inepti
1143 1954 1213 1975 non
1225 1945 1361 1976 vacant
1372 1943 1481 1987 offen-

296 1992 392 2024 sione
410 1991 437 2022 L
454 2001 472 2023 c
489 2001 523 2032 p.

339 2034 403 2067 ²in
420 2034 529 2073 Edd.;
546 2037 608 2066 not
625 2033 659 2065 in
678 2032 780 2065 MSS.

404 2090 481 2124 132
