1546 2294
115 607 159 704 ἓξὲξ

181 641 203 668 «τ

196 855 246 895 63

197 1830 249 1871 64

599 111 799 150 CICERO
829 111 906 149 DE
935 111 1172 153 OFFICIIS

289 199 412 251 idque
432 199 620 238 venditor
638 202 697 238 ita
715 200 892 248 fecisset,
912 200 1016 240 dixit
1035 215 1077 240 se
1103 202 1226 253 pluris
1246 207 1484 252 aestimare3

286 280 445 319 addidit
465 285 631 319 centum
650 280 769 319 milia.
827 281 960 320 Nemo
989 287 1064 330 est,
1084 285 1154 335 qui
1182 283 1259 323 hoc
1287 287 1361 323 viri
1389 286 1483 324 boni

286 360 409 399 fuisse
438 366 578 413 neget,
607 364 799 413 sapientis
829 367 996 413 negant,
1025 368 1072 401 ut
1101 367 1133 402 si
1161 367 1338 414 minoris,
1364 379 1483 419 quam

285 444 495 492 potuisset,
510 441 770 481 vendidisset.
832 443 948 481 Haec
968 445 1093 494 igitur
1112 449 1175 483 est
1189 444 1260 483 illa
1274 449 1486 497 pernicieS,

283 521 392 573 quod
412 521 510 560 alios
529 522 669 570 bonos,
684 522 782 560 alios
802 525 1006 574 sapientes
1022 527 1266 564 existimant.
1325 526 1387 564 Ex
1406 540 1486 579 quo

285 603 440 642 Ennius
460 606 744 656 “nequiquam
773 617 913 656 sapere
943 607 1183 656 sapientem,
1202 609 1272 658 qui
1299 609 1386 659 ipse
1412 609 1484 646 sibi

284 684 475 736 prodesse
508 698 591 723 non
629 685 801 737 quiret.’'
874 685 979 724 Vere
1017 685 1061 724 id
1098 686 1278 738 quidem,
1310 690 1357 736 si,
1389 689 1485 741 quid

286 770 395 805 esset
415 770 440 788 “
451 765 682 818 prodesse,‘’
704 765 804 803 mihi
825 766 1070 813 cumlEnnio
1091 770 1338 807 conveniret.

340 847 598 886 Hecatonem
620 847 787 899 quidem
809 846 1024 895 Rhodium,
1044 847 1287 899 discipulum
1308 848 1488 888 Panaeti-

282 929 401 967 video
415 931 459 967 in
477 931 525 967 iis
544 929 668 976 libris,
685 940 784 980 quos
803 927 856 966 de
876 928 1003 966 officio
1024 931 1182 980 scripsit
1202 927 1252 976 Q.
1269 928 1488 979 Tuberoni„

284 1010 420 1049 dicere
446 1012 678 1062 “sapientis
704 1022 792 1048 esse
820 1008 923 1047 nihil
952 1014 1093 1047 contra
1114 1022 1260 1058 mores,
1280 1009 1406 1062 leges,
1425 1013 1486 1050 in-

286 1095 431 1130 stituta
472 1091 692 1129 facientem
734 1090 885 1129 habere
928 1093 1127 1129 rationem
1169 1093 1229 1129 rei
1269 1090 1484 1132 familiaris

289 1173 433 1224 Neque
462 1174 573 1210 enim
601 1171 729 1209 solum
758 1170 874 1208 nobis
903 1169 1050 1209 divites
1080 1183 1167 1210 esse
1195 1171 1392 1220 volumus,
1415 1173 1487 1212 sed

288 1253 434 1300 liberis,
464 1254 714 1304 propinquis,
742 1253 880 1289 amieis
912 1253 1168 1303 maximeque
1201 1254 1260 1290 rei
1288 1252 1484 1304 publicae,

288 1333 546 1385 Singulorum
576 1335 685 1371 enim
715 1331 931 1370 facultates
960 1336 1004 1370 et
1032 1334 1170 1383 copiae
1199 1331 1364 1372 divitiae
1393 1339 1488 1373 sunt

287 1413 498 1453 civitatis.‘'
569 1412 695 1451 Huic¹
725 1411 941 1451 Scaevolae
960 1410 1140 1465 {factum,
1169 1411 1222 1451 de
1255 1425 1336 1464 quo
1367 1414 1487 1465 paulo

287 1500 382 1534 ante
412 1494 510 1543 dixi,
539 1494 700 1546 plaeere
727 1493 841 1531 nullo
874 1491 995 1530 modo
1028 1497 1188 1543 potest3
1217 1495 1371 1532 etenim
1403 1506 1486 1532 om-

288 1581 384 1616 nino
403 1582 565 1616 tantum
585 1588 628 1614 se
648 1579 775 1626 negat
794 1574 995 1613 facturum
1021 1573 1250 1625 compendii
1273 1577 1334 1613 sui
1357 1588 1488 1623 causa,

286 1659 395 1710 quod
424 1670 506 1696 non
535 1658 667 1696 liceat.
727 1656 837 1694 Huic
866 1668 942 1694 nec
974 1654 1060 1693 laus
1093 1668 1240 1707 magna
1272 1655 1487 1695 tribuenda

284 1755 360 1781 nec
380 1744 511 1793 gratia
531 1746 603 1779 est.

344 1823 438 1870 Sed,
459 1825 542 1860 sive
566 1826 609 1860 et
632 1821 833 1859 simulatio
859 1825 902 1859 et
931 1819 1194 1859 dissimulatio
1219 1818 1334 1858 dolus
1359 1819 1488 1859 malus

289 1909 364 1953 est,
385 1915 609 1956 perpaucae
638 1914 700 1940 res
730 1900 850 1954 sunt,{
861 1904 902 1939 in
931 1901 1076 1952 quibus
1104 1913 1187 1939 non
1215 1899 1331 1939 dolus
1359 1900 1487 1940 malus

565 2067 580 2089 ²
604 2067 690 2100 huic
707 2076 738 2106 c,
757 2066 871 2104 Edd.;
896 2065 1007 2098 huius
1025 2065 1056 2100 B
1073 2064 1111 2100 H
1127 2073 1149 2096 a
1164 2065 1200 2101 b.

406 2125 484 2161 332
