1520 2320
225 448 272 483 55

230 926 278 966 56

232 1655 281 1693 57

595 111 795 150 CICERO
826 112 902 150 DE
932 112 1168 152 OFFICIIS

301 206 422 240 quam
455 196 499 231 in
534 193 710 231 colonias
746 198 910 232 exeunt.
972 193 1207 241 Sequuntur
1239 195 1411 233 conubia
1448 199 1493 234 et

302 259 529 305 affinitates,
560 271 610 296 ex
640 259 784 305 quibus
811 261 936 297 etiam
961 258 1098 306 plures
1124 262 1360 308 propinqui3
1388 272 1492 308 quae

302 326 539 371 propagatio
571 328 615 361 et
646 322 805 361 suboles
835 326 947 370 origo
976 328 1039 362 est
1065 337 1200 362 rerum
1226 323 1488 372 publicarum.

305 384 520 430 Sanguinis
540 388 679 421 autem
699 385 930 421 coniunctio
951 388 994 422 et
1014 383 1290 422 benivolentia
1313 383 1493 423 devincit

304 443 488 482 homines
508 436 564 482 et¹
586 446 775 490 caritate3
803 457 997 491 magnum
1025 449 1088 482 est
1115 447 1225 482 enim
1252 444 1395 483 eadem
1421 443 1492 482 ha-

304 505 401 542 bere
413 509 679 542 monumenta
690 507 899 551 maiorum,
913 504 1068 542 eisdem
1083 507 1144 542 uti
1159 506 1292 552 sacris,
1308 504 1490 552 sepulcra

304 564 455 603 habere
475 567 713 603 communia.

361 625 443 664 Sed
477 628 659 663 omnium
693 627 933 663 societatum
967 625 1079 663 nulla
1112 628 1382 672 praestantior
1415 631 1492 672 est,

305 685 417 724 nulla
446 685 607 732 firmior,
637 699 759 732 quam
788 698 880 723 cum
908 688 982 722 viri
1012 686 1108 723 boni
1136 685 1314 724 moribus
1343 685 1492 724 similes

306 751 402 784 sunt
430 745 704 784 familiaritate
734 747 961 790 coniuncti3
992 745 1093 783 illud
1123 748 1233 784 enim
1261 745 1493 791 honestum,

306 806 415 853 quod
427 819 547 853 saepe
560 805 743 852 dicimus,
754 809 877 843 etiam
890 808 923 843 si
934 807 976 843 in
989 805 1068 843 alio
1080 808 1293 853 cernimus,
1304 797 1495 853 [tamen]²

307 879 379 904 nos
399 871 537 904 movet
556 871 679 913 atque
700 865 772 912 illi,
788 868 831 903 in
851 879 931 912 quo
950 866 992 903 id
1008 868 1140 904 inesse
1156 865 1330 913 videtur,
1347 868 1495 904 amicos

309 926 417 965 facit.
479 926 533 964 Et
554 939 798 974 quamquam
818 928 948 964 omnis
967 928 1095 964 virtus
1121 939 1194 964 nos
1221 925 1273 963 ad
1299 939 1342 964 se
1369 926 1496 964 allicit

308 987 500 1034 facitque,
521 991 568 1024 ut
589 999 656 1024 eos
684 986 912 1032 diligamus,
933 988 975 1023 in
1002 986 1147 1033 quibus
1173 988 1260 1033 ipsa
1284 988 1417 1024 inesse
1437 988 1491 1024 vi-

307 1047 465 1093 deatur,
480 1051 620 1099 tamen
640 1048 794 1084 iustitia
815 1050 858 1083 et
876 1045 1097 1084 liberalitas
1111 1045 1154 1083 id
1168 1049 1343 1084 maxime
1359 1046 1490 1085 efficit.

307 1107 421 1145 Nihil
432 1111 570 1145 autem
583 1111 646 1144 est
657 1105 866 1143 amabilius
877 1119 953 1143 nec
966 1105 1190 1153 copulatius
1201 1119 1322 1153 quam
1337 1119 1491 1144 morum

308 1167 530 1206 similitudo
559 1167 776 1211 bonorum;
805 1168 848 1203 in
877 1166 1021 1212 quibus
1051 1169 1160 1204 enim
1189 1165 1332 1204 eadem
1361 1165 1495 1204 studia

309 1233 418 1274 sunt,
438 1226 607 1265 eaedem
627 1226 870 1272 voluntates,
891 1228 933 1263 in
959 1228 1007 1264 iis
1034 1225 1079 1264 fit
1104 1230 1152 1264 ut
1176 1239 1305 1274 aeque
1325 1229 1494 1274 quisque

309 1288 438 1326 altero
469 1286 700 1325 delectetur
732 1299 778 1323 ac
813 1299 856 1324 se
890 1288 989 1333 ipso,
1020 1285 1270 1333 efficiturque
1302 1286 1358 1334 id,
1387 1285 1494 1334 quod

313 1347 559 1395 Pythagoras
574 1346 662 1384 vult
681 1349 723 1383 in
742 1348 931 1392 amicitia,
948 1339 1017 1383 ut3
1033 1359 1136 1384 unus
1151 1345 1221 1384 fiat
1236 1359 1287 1385 ex
1301 1346 1493 1394 pluribus.

366 1408 518 1454 Magna
538 1410 662 1445 etiam
681 1406 750 1444 illa
773 1409 1040 1444 communitas
1065 1411 1141 1454 est,
1161 1419 1264 1453 quae
1288 1405 1497 1444 conficitur

312 1482 362 1507 ex
391 1467 597 1506 beneficiis
627 1466 735 1505 ultro
767 1470 810 1504 et
841 1469 942 1504 citro
969 1465 1074 1504 datis
1102 1469 1294 1514 acceptis,
1322 1479 1425 1514 quae
1455 1471 1498 1505 et

313 1534 453 1567 mutua
473 1533 517 1566 et
534 1532 651 1574 grata
670 1526 767 1564 dum
794 1531 903 1573 sunt,
923 1528 1031 1564 inter
1057 1539 1155 1573 quos
1183 1540 1231 1565 ea
1257 1531 1365 1574 sunt,
1386 1525 1495 1565 firma

311 1590 597 1628 devinciuntur
615 1590 820 1626 societate.

368 1649 450 1688 Sed
463 1662 555 1687 cum
567 1651 701 1686 omnia
716 1652 870 1685 ratione
886 1653 1100 1693 animoque
1114 1646 1306 1694 lustraris,
1319 1650 1497 1686 omnium

313 1713 554 1750 societatum
580 1708 692 1746 nulla
719 1712 782 1746 est
807 1709 978 1754 gravior,
999 1707 1111 1745 nulla
1139 1710 1265 1746 carior
1290 1721 1411 1756 quam
1438 1721 1498 1754 ea,

313 1784 416 1819 quae
436 1783 528 1808 cum
548 1782 592 1807 re
612 1768 773 1816 publica
800 1772 864 1805 est
889 1770 959 1805 uni
987 1770 1132 1815 cuique
1158 1773 1351 1806 nostrum.
1411 1768 1500 1806 Cari

358 1877 368 1897 ¹
382 1880 416 1910 et
434 1875 652 1914 Perizonius,
673 1873 783 1911 Edd.;
801 1877 863 1905 not
882 1874 915 1904 in
935 1873 1042 1906 MSS.

359 1921 501 1954 ²tamen
520 1919 639 1957 MSS„
660 1919 805 1955 Mallem
825 1918 892 1949 del.
915 1917 1054 1959 Unger,
1076 1917 1147 1956 Bt„
1170 1918 1296 1951 Heine.

357 1965 600 2008 ³efficiturque
621 1963 663 1994 id
681 1962 777 2005 quod
793 1962 834 1993 P.
855 1962 1022 1993 ultimum
1046 1962 1085 1993 in
1101 1963 1267 1994 amicilia
1286 1964 1439 2005 putavit
1462 1966 1504 1996 ut

316 2009 455 2043 Nonius
471 2008 554 2049 (S.v.
574 2005 750 2046 ultimum)
768 2005 839 2044 (Le.
859 2006 1123 2048 Pythagoras’s
1140 2006 1234 2039 ideal
1250 2007 1291 2039 of
1302 2007 1502 2051 friendship

316 2055 347 2087 is
363 2052 544 2094 realized).

426 2109 476 2144 58
