1546 2294
205 387 272 454 ’το

220 1179 267 1217 71

597 103 798 143 CICERO
829 104 905 142 DE
935 105 1171 145 OFFICIIS

304 197 496 231 magnum
527 184 691 233 aliquod
722 189 968 234 acceperint,
999 192 1123 235 atque
1151 191 1275 226 etiam
1298 202 1323 226 a
1352 200 1396 228 se
1426 194 1498 227 aut

305 260 498 307 postulari
529 266 600 299 aut
632 264 859 308 exspectari
890 262 1043 309 aliquid
1070 266 1337 311 suspicantur,
1364 269 1499 312 patro-

305 339 411 374 cinio
427 350 522 375 vero
538 328 605 375 se1
619 350 711 376 usos
726 342 798 376 aut
810 338 982 377 clientes
998 339 1194 386 appellari
1214 343 1355 379 mortis
1374 343 1501 379 instar

303 418 460 460 putant.
522 413 580 452 At
606 427 702 452 vero
728 413 798 452 ille
825 417 975 462 tenuis,
996 428 1102 462 eum,
1130 416 1322 463 quicquid
1345 415 1498 455 factum

301 492 367 536 sit,
382 503 426 528 se
441 495 684 538 spectatum,
700 504 782 528 non
795 490 1000 529 fortunam
1019 483 1172 539 putet,²
1187 505 1270 530 non
1289 492 1410 531 modo
1425 493 1497 540 illi,

301 569 369 612 qui
400 571 463 605 est
491 569 674 613 meritus,
696 566 768 605 sed
796 570 919 605 etiam
948 567 1040 614 illis,
1064 581 1088 605 a
1113 569 1259 615 quibus
1286 574 1496 617 exspectat

301 634 418 689 (eget
445 645 554 680 enim
580 634 752 690 multis),
781 648 944 690 gratum
971 656 1014 682 se
1038 643 1166 688 videri
1191 644 1331 683 studet
1360 658 1495 692 neque

304 731 398 756 vero
417 718 549 756 verbis
569 723 694 766 auget
714 732 831 756 suum
850 732 1010 766 munus,
1026 722 1059 757 si
1079 733 1159 767 quo
1174 719 1279 758 forte
1299 719 1497 769 fungitur,

301 793 374 832 sed
395 797 518 832 etiam
539 799 747 832 extenuat.
809 794 1124 842 Videndumque
1151 795 1253 834 illud
1279 801 1356 844 est,
1375 796 1498 844 quod,

300 873 334 908 si
357 870 599 917 opulentum
624 870 958 918 fortunatumque
982 870 1229 918 defenderis,
1253 874 1296 910 in
1319 885 1402 910 uno
1428 872 1498 911 illo

299 952 382 992 aut,
403 940 460 985 si3
479 946 600 993 forte,
620 949 663 984 in
683 947 820 985 liberis
841 949 926 985 eius
941 952 1082 986 manet
1100 950 1250 994 gratia3
1280 950 1342 986 sin
1356 953 1494 988 auten.

300 1026 476 1071 inopem,
508 1023 680 1071 probum
710 1029 850 1062 tamen
882 1028 926 1062 et
958 1023 1202 1071 modestum,
1237 1037 1378 1063 omnes
1409 1038 1493 1064 non

299 1099 471 1147 improbi
500 1099 687 1146 humiles,
717 1112 821 1146 quae
846 1113 995 1147 magna
1028 1102 1071 1138 in
1097 1100 1246 1148 populo
1272 1100 1492 1140 multitudo

303 1181 379 1223 est,
399 1175 646 1223 praesidium
666 1176 741 1214 sibi
761 1180 946 1223 paratum
967 1176 1119 1214 vident.
1181 1175 1314 1224 Quam
1335 1177 1387 1215 ob
1405 1189 1488 1216 rem

301 1251 445 1290 melius
464 1251 573 1299 apud
593 1252 719 1290 bonos
740 1265 861 1299 quam
880 1252 988 1300 apud
1008 1251 1234 1291 fortunatos
1254 1252 1495 1292 beneficium

302 1328 488 1366 collocari
509 1333 619 1375 puto.

357 1403 504 1442 Danda
539 1406 705 1442 omnino
739 1417 861 1451 opera
895 1409 971 1452 est,
1007 1409 1054 1442 ut
1084 1407 1194 1443 omni
1225 1407 1368 1452 generi
1401 1408 1498 1444 satis

302 1481 435 1519 facere
455 1483 674 1528 possimus;
703 1480 776 1519 sed
796 1483 829 1518 si
855 1493 920 1519 res
946 1483 989 1518 in
1016 1484 1324 1519 contentionem
1343 1485 1495 1529 veniet,

301 1559 492 1595 nimirum
526 1556 821 1594 Themistocles
854 1561 917 1594 est
948 1561 1088 1594 auctor
1120 1556 1396 1603 adhibendum
1425 1560 1494 1605 qui

302 1646 394 1671 cum
414 1632 706 1679 consuleretur,
722 1637 859 1670 utrum
879 1632 985 1670 bono
1001 1635 1085 1670 viro
1104 1635 1271 1680 pauperi
1289 1646 1342 1671 an
1361 1636 1494 1672 minus

301 1710 471 1757 probato
492 1708 608 1747 diviti
630 1709 752 1746 filiam
774 1708 1011 1746 coilocaret:
1043 1699 1068 1717 “
1082 1709 1170 1756 Ego
1190 1709 1325 1756 vero,''
1347 1712 1495 1758 inquit,

301 1775 444 1823 “malo
479 1787 622 1832 virum,
658 1788 727 1832 qui
757 1787 931 1832 pecunia
958 1790 1092 1832 egeat,
1120 1798 1240 1832 quam
1267 1788 1495 1833 pecuniam,

300 1871 402 1905 quae
424 1857 547 1895 viro.’'
608 1857 690 1897 Sed
711 1860 890 1905 corrupti
921 1870 1053 1896 mores
1080 1857 1371 1905 depravatique
1398 1863 1494 1897 sunt

523 1943 625 1980 ³vero
639 1958 676 1980 se
693 1948 720 1979 B
739 1947 773 1979 H
791 1958 814 1979 a
831 1947 867 1984 b;
892 1958 972 1979 vero
987 1950 1046 1979 tuo
1064 1958 1096 1980 se
1114 1947 1141 1979 L
1158 1958 1177 1980 c
1193 1958 1217 1991 p

524 1990 652 2034 ²putet
663 1991 747 2029 Ed.;
765 1994 879 2034 putat
894 1991 998 2023 MSS.

526 2034 583 2067 δεῖ
598 2035 625 2066 L
643 2046 662 2067 0
677 2046 712 2077 ρ,
730 2035 839 2073 Edd.;
864 2038 926 2067 not
942 2035 977 2066 in
996 2035 1023 2066 B
1043 2035 1076 2067 H
1095 2046 1117 2067 a
1134 2034 1168 2068 b.

408 2093 487 2125 244
