1546 2294
62 159 124 191 136
183 159 235 192 40

190 1615 235 1647 41

561 74 761 113 CICERO
792 74 869 112 DE
898 74 1136 115 OFFICIIS

266 155 490 193 afficientur
519 157 684 193 iniuriis.
745 155 883 202 Atque
914 148 985 194 iis¹
1006 158 1144 204 etiam,
1175 159 1245 204 qui
1274 157 1461 196 vendunt

266 224 423 266 emunt,
451 219 685 257 conducunt
715 219 853 258 locant
884 220 1253 268 contrahendisque
1283 224 1460 269 negotiis

268 283 540 330 implicantur,
556 286 710 321 iustitia
725 283 776 321 ad
797 297 883 322 rem
902 284 1126 331 gerendam
1140 288 1366 324 necessaria
1385 291 1462 332 est,

271 351 383 386 cuius
410 352 527 385 tanta
546 350 605 386 vis
626 353 702 395 est,
723 353 770 386 ut
795 361 849 386 ne
879 348 940 386 illi
970 348 1149 396 quidem,
1169 352 1240 397 qui
1264 349 1461 388 maleficio

272 417 315 450 et
354 411 508 450 scelere
547 417 780 459 pascuntur,
820 415 976 460 possint
1020 415 1107 451 sine
1145 413 1229 451 ulla
1266 414 1463 462 particula

268 479 447 515 iustitiae
467 479 613 514 vivere.
665 476 771 514 Nam
802 480 872 523 qui
903 490 1043 515 eorum
1074 480 1262 525 cuipiam,
1281 481 1352 525 qui
1382 492 1463 516 una

267 541 573 587 latrocinantur,
594 540 751 578 furatur
770 540 921 588 aliquid
949 546 1021 579 aut
1040 544 1174 589 eripit,
1193 545 1227 580 is
1246 542 1322 581 sibi
1346 555 1401 580 ne
1420 545 1463 580 in

267 606 478 643 latrocinio
512 604 679 651 quidem
711 605 907 652 relinquit
939 605 1086 652 locum,
1112 605 1182 644 ille
1215 611 1368 654 autem,
1393 610 1464 654 qui

267 669 510 716 archipirata
529 669 691 715 dicitur,
711 671 789 707 nisi
808 669 1076 716 aequabiliter
1094 670 1287 716 praedam
1309 669 1465 718 disper-

270 737 360 780 tiat,
381 738 453 771 aut
484 733 750 771 interficiatur
775 747 799 770 a
825 736 941 772 sociis
967 738 1039 772 aut
1063 734 1337 781 relinquatur3
1366 737 1466 782 quin

270 800 395 835 etiam
420 797 534 844 leges
560 797 764 835 latronum
785 811 872 835 esse
892 797 1097 844 dicuntur,
1117 798 1262 845 quibus
1281 804 1465 846 pareant,

270 875 369 909 quas
389 862 616 899 observent.
666 861 811 908 Itaque
831 867 998 909 propter
1016 862 1271 909 aequabilem
1290 862 1465 910 praedae

270 929 533 973 partitionem
565 931 609 964 et
643 925 826 964 Bardulis
859 925 1020 972 Illyrius
1050 926 1167 973 latro,
1202 926 1255 965 de
1289 940 1368 974 quo
1403 932 1466 966 est

270 990 379 1038 apud
407 989 731 1037 Theopompum,
762 1003 928 1036 magnas
960 1003 1057 1037 opes
1087 989 1232 1029 habuit
1262 995 1305 1029 et
1334 991 1465 1030 multo

270 1057 440 1092 maiores
479 1054 685 1092 Viriathus
733 1053 971 1099 Lusitanus;
1019 1057 1083 1092 cui
1130 1054 1297 1101 quidem
1339 1058 1464 1094 etiam

272 1122 474 1157 exercitus
493 1121 622 1156 nostri
642 1121 987 1165 imperatoresque
1009 1123 1239 1164 cesserunt;
1268 1131 1391 1166 quem
1418 1119 1460 1158 C.

273 1183 447 1229 Laelius,
466 1185 500 1221 is
530 1185 599 1229 qui
626 1182 795 1229 Sapiens
822 1187 1051 1229 usurpatur,
1072 1187 1235 1229 praetor
1263 1182 1389 1230 fregit
1420 1188 1464 1222 et

272 1249 510 1284 comminuit
529 1246 868 1293 ferocitatemque
889 1249 975 1284 eius
990 1249 1052 1287 ite
1061 1249 1268 1294 repressit,
1282 1251 1331 1286 ut
1344 1246 1463 1286 facile

272 1311 424 1349 bellum
445 1311 610 1357 reliquis
630 1310 822 1348 traderet.

328 1371 429 1408 Cum
444 1373 569 1417 igitur
583 1375 698 1408 tanta
714 1373 772 1407 vis
787 1372 966 1408 iustitiae
982 1373 1048 1417 sit,
1064 1375 1111 1408 ut
1131 1383 1180 1408 ea
1199 1373 1323 1409 etiam
1341 1370 1463 1410 latro-

271 1444 369 1468 num
401 1443 497 1477 opes
529 1429 663 1468 firmet
695 1435 819 1477 atque
850 1435 1011 1477 augeat,
1041 1435 1236 1477 quantam
1266 1433 1352 1469 eius
1383 1433 1464 1469 vim

272 1494 380 1528 inter
399 1490 512 1537 leges
533 1495 577 1527 et
596 1489 744 1527 iudicia
764 1494 807 1527 et
827 1492 869 1526 in
889 1492 1112 1527 constituta
1131 1502 1175 1527 re
1195 1489 1357 1537 publiea
1376 1489 1462 1528 fore

271 1550 483 1598 putamus?

327 1609 422 1647 XII.
456 1608 560 1646 Mihi
580 1608 746 1655 quidem
766 1621 848 1645 non
871 1607 980 1654 apud
1001 1607 1146 1646 Medos
1169 1607 1312 1654 solum,
1332 1613 1380 1647 ut
1404 1611 1462 1646 ait

273 1668 522 1714 Herodotus,
544 1668 617 1706 sed
637 1671 761 1706 etiam
780 1667 888 1714 apud
909 1670 1079 1705 maiores
1106 1672 1263 1705 nostros
1283 1670 1462 1706 iustitiae

271 1728 468 1766 fruendae
489 1741 606 1765 causa
626 1727 817 1765 videntur
836 1727 932 1764 olim
953 1727 1058 1765 bene
1074 1730 1219 1765 morati
1234 1740 1352 1774 reges
1367 1741 1462 1766 con-

272 1790 416 1826 stituti.
476 1787 582 1824 Nam
608 1800 699 1824 cum
723 1791 978 1834 premeretur
1001 1780 1145 1833 inops2
1165 1786 1386 1825 multitudo
1410 1788 1462 1825 ab

271 1851 331 1894 iis,
365 1850 434 1894 qui
464 1850 635 1884 maiores
666 1859 764 1893 opes
794 1846 1014 1892 habebant,
1045 1845 1098 1883 ad
1129 1859 1256 1884 unum
1286 1846 1461 1894 aliquem

316 1920 380 1951 'iis
397 1918 507 1957 Edd.;
523 1918 582 1950 Itis
598 1919 625 1950 B
645 1918 678 1949 H
693 1929 716 1950 a
733 1918 767 1956 b,
788 1922 849 1949 not
867 1918 901 1949 in
918 1929 948 1949 c.

317 1962 442 2005 ²inops
474 1962 620 1994 inferior
645 1962 764 2000 MSS.‚
785 1961 895 1999 Edd.;
914 1962 952 1992 in
973 1961 1042 1993 otio
1057 1959 1130 2002 (i.e.
1152 1962 1176 1979 ⁸⁴
1189 1964 1230 1993 at
1247 1961 1362 2003 will”)
1379 1961 1405 1993 B
1425 1962 1460 1994 H

272 2018 294 2040 a
311 2007 334 2039 b
351 2018 395 2048 p;
414 2007 523 2038 inicio
539 2006 586 2048 (=
605 2006 725 2048 initio)
743 2016 774 2038 e.

383 2062 460 2095 ‘208
