1546 2294
241 547 293 582 28

610 72 811 113 CICERO
841 73 917 112 DE
947 73 1183 113 OFFICIIS

317 154 486 202 homini,
506 157 751 202 quicumque
771 158 837 203 sit,
857 156 910 193 ob
937 168 1026 194 eam
1055 158 1183 203 ipsam
1206 168 1379 204 causam,
1399 156 1508 204 quod

321 223 355 258 is
387 220 507 258 homo
534 222 599 266 sit,
621 220 850 258 consultum
871 220 983 267 velit,
1004 234 1171 259 necesse
1199 226 1263 260 est
1287 222 1510 260 secundum

322 285 496 323 eandem
528 289 714 323 naturam
745 287 926 323 omnium
959 285 1183 324 utilitatem
1213 287 1301 324 esse
1333 299 1512 325 commu-

322 363 428 387 nem.
490 348 611 396 Quod
642 352 675 387 si
707 352 764 387 ita
796 354 872 396 est,
899 363 980 387 una
1011 352 1269 388 continemur
1298 363 1439 389 omnes
1470 355 1514 389 et

324 413 469 451 eadem
500 413 593 460 lege
628 418 811 460 naturae,
831 413 954 460 idque
986 417 1118 461 ipsum
1152 417 1185 452 si
1217 417 1275 453 ita
1303 419 1380 462 est,
1401 419 1513 454 certe

324 478 473 516 violare
505 478 679 516 alterum
709 483 879 516 naturae
911 478 1004 525 lege
1035 477 1308 525 prohibemur.
1362 479 1514 518 Verum

323 548 459 581 autem
477 545 673 590 primum3
699 556 840 581 verum
855 545 980 589 igitur
993 548 1232 582 extremum.
1292 543 1398 582 Nam
1413 543 1514 582 illud

323 607 490 655 quidem
509 607 729 645 absurdum
750 612 826 654 est,
847 607 957 654 quod
983 607 1148 654 quidam
1175 607 1332 655 dicunt,
1353 610 1515 656 parenti

324 686 366 710 se
397 677 469 710 aut
495 671 609 709 fratri
640 671 740 710 nihil
774 671 1027 710 detracturos
1061 674 1122 710 sui
1155 672 1356 711 commodi
1383 685 1516 720 causa,

324 737 444 775 aliam
477 739 676 774 rationem
716 749 804 774 esse
842 739 990 774 civium
1029 736 1286 783 reliquorum.
1347 737 1405 775 Hi
1439 737 1515 775 sibi

326 801 428 840 nihil
459 804 568 848 iuris,
603 801 756 839 nullam
788 803 1026 839 societatem
1065 803 1290 840 communis
1327 801 1517 840 utilitatis

326 860 444 904 causa
478 870 665 904 statuunt
704 878 792 903 esse
829 879 920 903 cum
960 866 1127 913 civibus,
1165 879 1269 913 quae
1308 868 1514 904 sententia

323 944 486 968 omnem
507 933 744 968 societatem
765 930 957 968 distrahit
976 933 1160 968 civitatis.

381 995 462 1042 Qui
499 1000 638 1033 autem
676 997 823 1033 civium
855 997 1054 1033 rationem
1086 994 1230 1033 dicunt
1268 994 1512 1043 habendam,

324 1065 585 1098 externorum
605 1064 772 1106 negant,
787 1050 1048 1098 ii¹dirimunt
1068 1072 1324 1097 communem
1343 1059 1509 1098 humani

325 1122 486 1166 generis
507 1121 765 1163 societatem3
789 1131 867 1165 qua
887 1118 1044 1156 sublata
1063 1118 1346 1166 beneficentia,
1364 1119 1510 1157 libera-

326 1179 430 1225 litas,
466 1179 637 1224 bonitas,
671 1181 826 1216 iustitia
864 1177 1048 1216 funditus
1087 1178 1265 1224 tollitur3
1304 1191 1407 1226 quae
1441 1180 1511 1226 qui

326 1238 491 1284 tollunt,
511 1241 634 1275 etiam
660 1237 850 1275 adversus
877 1236 974 1275 deos
1000 1237 1248 1275 immortales
1274 1240 1387 1285 impii
1410 1237 1513 1276 iudi-

325 1297 444 1336 candi
463 1302 568 1335 sunt.
629 1297 695 1334 Ab
714 1299 762 1334 iis
783 1299 892 1335 enim
912 1299 1175 1335 constitutam
1201 1300 1310 1335 inter
1329 1297 1514 1335 homines

325 1360 563 1396 societatem
583 1361 787 1402 evertunt,
808 1358 920 1394 cuius
941 1358 1144 1394 societatis
1164 1358 1408 1394 artissimum
1428 1359 1514 1395 vin-

327 1417 462 1455 culum
483 1421 546 1454 est
564 1419 692 1463 magis
712 1417 896 1454 arbitrari
918 1429 1005 1454 esse
1023 1421 1164 1454 contra
1179 1421 1365 1454 naturam
1386 1415 1513 1454 homi-

326 1490 421 1514 nem
441 1476 594 1514 homini
614 1475 831 1514 detrahere
852 1478 912 1514 sui
934 1474 1133 1513 commodi
1155 1488 1272 1513 causa
1287 1489 1407 1523 quam
1428 1489 1512 1514 om-

326 1539 392 1574 nia
419 1535 673 1574 incommoda
699 1535 833 1573 subire
858 1534 921 1572 vel
953 1539 1121 1572 externa
1147 1534 1210 1572 vel
1238 1537 1414 1582 corporis
1434 1564 1442 1573 .
1467 1564 1476 1573 .
1499 1564 1508 1574 .

326 1596 390 1635 vel
416 1599 538 1633 etiam
566 1598 688 1642 ipsius
719 1597 856 1641 animi,
877 1607 980 1641 quae
1004 1599 1150 1632 vacent
1180 1586 1378 1640 iustitia23
1410 1594 1511 1633 haec

324 1658 433 1693 enim
454 1669 533 1693 una
554 1658 679 1697 virtus
704 1657 884 1695 omnium
911 1658 975 1692 est
998 1653 1163 1693 domina
1187 1658 1232 1692 et
1265 1655 1405 1700 regina
1431 1655 1509 1697 vir-

323 1720 470 1755 tutum.

366 1795 376 1815 ¹
397 1794 1094 1837 iiBt.‚Ed.;hiBab;hiiH;hiJe.

368 1841 485 1883 ²quae
515 1843 643 1873 vacent
671 1840 815 1871 iustitia
841 1839 959 1877 MSS,
991 1839 1073 1878 Ed„
1102 1838 1241 1877 Heine;
1267 1849 1360 1881 quae
1389 1841 1518 1872 vacent

322 1885 509 1917 iniustitia
525 1884 604 1917 cod.
627 1883 811 1922 Ubaidini,
832 1883 919 1921 Bt.·;
937 1894 1030 1925 quae
1045 1894 1115 1915 non
1132 1894 1164 1915 v.
1186 1883 1331 1915 iustitia
1348 1882 1392 1915 Ο.

360 1972 468 2009 ⁸1.e..
486 1972 587 2003 there
603 1981 666 2002 arc
683 1980 729 2002 no
745 1970 1027 2001 circumstances
1044 1969 1086 2001 of
1096 1970 1171 2004 loss
1187 1979 1229 2001 or
1243 1968 1330 2012 gain
1348 1969 1427 2005 that
1443 1977 1512 2007 can

317 2020 477 2048 war-rant
493 2026 515 2047 a
532 2014 703 2046 violation
719 2012 909 2056 ofjustice.

427 2070 507 2110 294

321 2152 336 2192 ὀ
