1546 2294
180 361 230 396 32

187 1180 239 1216 38

553 79 752 119 CICERO
783 80 860 119 DE
889 80 1126 120 OFFICIIS

261 162 324 201 Ita
343 176 503 210 semper
523 163 650 200 officio
672 163 867 210 fungetur
887 163 1056 201 utilitati
1078 163 1293 202 consulens
1320 162 1450 202 homi-

260 242 358 266 num
401 233 445 266 et
492 230 544 275 ei,
588 242 708 275 quam
757 241 878 275 saepe
925 241 1210 275 commemoro,
1249 227 1451 266 humanae

261 295 456 331 societati.

317 358 423 396 Nam
443 357 551 405 quod
570 357 622 396 ad
644 357 845 395 Phalarim
864 360 1029 404 attinet,
1044 356 1238 405 perfacile
1258 356 1453 395 iudicium

262 427 335 461 est.
396 422 518 460 Nulla
538 427 601 460 est
621 425 730 460 enim
751 425 922 460 societas
942 423 1058 460 nobis
1079 435 1172 460 cum
1193 423 1389 469 tyrannis,
1411 425 1454 459 et

262 490 395 535 potius
409 499 564 525 summa
579 486 788 525 distractio
801 491 878 533 est,
891 499 1025 533 neque
1038 491 1102 524 est
1114 490 1256 524 contra
1267 490 1454 523 naturam

262 551 433 599 spoliare
460 564 567 598 eum,
588 553 620 589 si
646 553 786 599 possis,
807 564 929 598 quem
956 555 1020 589 est
1048 550 1267 588 honestum
1293 562 1455 596 necare,

263 622 387 664 atque
406 616 482 654 hoc
502 630 622 654 omne
641 629 772 663 genus
793 615 1034 663 pestiferum
1061 620 1185 663 atque
1205 617 1376 662 impium
1404 627 1455 653 ex

265 682 474 720 hominum
489 683 781 719 communitate
797 680 1153 718 exterminandum
1169 684 1243 718 est.
1275 679 1456 725 Etenim,

266 751 312 785 ut
330 746 512 784 membra
531 745 730 793 quaedam
744 749 1021 792 amputantur,
1037 747 1070 782 si
1090 749 1134 782 et
1153 747 1240 792 ipsa
1259 746 1457 790 sanguine

266 817 311 850 et
346 816 553 858 tamquam
592 813 734 858 spiritu
775 823 911 848 carere
950 813 1175 856 coeperunt
1223 813 1267 847 et
1305 812 1458 846 nocent

268 877 433 924 reliquis
459 876 640 923 partibus
667 877 856 922 corporis,
883 877 939 913 sic
967 877 1044 912 ista
1068 877 1110 912 in
1134 873 1262 921 figura
1283 872 1460 911 hominis

269 936 407 975 feritas
440 940 485 981 et
518 937 746 973 immanitas
781 934 924 972 beluae
958 947 982 972 a
1015 935 1219 971 communi
1250 937 1456 980 tamquam

270 997 533 1035 humanitatis
553 985 741 1042 corporel
761 993 1014 1041 segreganda
1033 997 1107 1031 est.

328 1057 461 1094 Huius
498 1057 660 1101 generis
693 1055 950 1101 quaestiones
983 1057 1080 1090 sunt
1113 1064 1254 1090 omnes
1291 1063 1378 1098 eae,
1411 1051 1454 1088 in

268 1117 413 1164 quibus
433 1129 482 1153 ex
502 1119 686 1161 tempore
705 1113 877 1151 officium
896 1114 1130 1159 exquiritur.

326 1175 417 1213 VII.
451 1174 547 1212 Eius
566 1173 675 1211 modi
695 1175 820 1219 igitur
841 1171 963 1209 credo
981 1183 1045 1220 res
1070 1171 1306 1208 Panaetium
1321 1181 1456 1217 perse-

271 1241 458 1274 cuturum
483 1233 619 1279 fuisse,
640 1235 716 1270 nisi
743 1232 865 1278 aliqui
896 1243 1009 1268 casus
1035 1235 1107 1268 aut
1132 1231 1344 1276 occupatio
1371 1230 1458 1267 eius

270 1294 482 1333 consilium
497 1294 746 1340 peremisset.
807 1290 872 1328 Ad
893 1303 990 1337 quas
1017 1292 1121 1337 ipsas
1141 1287 1460 1344 consultationes

271 1353 541 1402 superioribus
575 1351 685 1389 libris
720 1353 815 1401 satis
850 1349 978 1386 multa
1017 1352 1234 1396 praecepta
1267 1351 1376 1394 sunt,
1409 1359 1459 1384 ex

270 1405 440 1462 quibus²
456 1414 627 1460 perspici
645 1413 782 1458 possit,
798 1409 895 1456 quid
911 1411 964 1447 sit
979 1413 1145 1455 propter
1159 1406 1457 1454 turpitudinem

271 1473 525 1521 fugiendum,
541 1470 638 1518 quid
658 1473 723 1517 sit,
743 1468 851 1516 quod
865 1468 1014 1506 idcirco
1034 1466 1274 1514 fugiendum
1294 1478 1376 1503 non
1391 1467 1458 1512 sit,

271 1534 379 1582 quod
399 1535 564 1570 omnino
583 1535 701 1577 turpe
723 1542 803 1566 non
823 1531 886 1566 sit.

328 1593 409 1631 Sed
424 1594 613 1639 quoniam
627 1592 738 1637 operi
758 1587 960 1633 inchoato,
973 1599 1099 1634 prope
1115 1590 1252 1623 tamen
1273 1584 1458 1622 absoluto

270 1659 475 1699 tamquam
497 1651 703 1696 fastigium
723 1649 979 1695 imponimus,
999 1650 1046 1684 ut
1068 1650 1301 1692 geometrae
1325 1643 1459 1682 solent

271 1726 352 1751 non
383 1714 517 1749 omnia
547 1709 707 1755 docere,
739 1707 811 1745 sed
842 1706 1060 1754 postulare,
1087 1710 1134 1742 ut
1160 1703 1357 1751 quaedam
1384 1703 1459 1741 sibi

271 1771 559 1816 concedantur,
580 1781 660 1816 quo
681 1767 850 1813 facilius,
870 1779 973 1813 quac
995 1765 1150 1811 volunt,
1163 1763 1383 1816 explicent,
1404 1765 1461 1801 sic

317 1848 323 1867 ¹
338 1847 581 1880 humanitatis
593 1849 728 1887 corpore
741 1843 870 1882 Muret,
886 1842 966 1874 cod.
982 1841 1116 1878 Guelf.,
1132 1839 1214 1879 Ed„
1232 1839 1301 1878 Bt.‚
1320 1838 1459 1878 HeIneg

272 1893 500 1943 humargitate
530 1890 680 1932 corporis
712 1887 830 1926 MSS,
866 1887 993 1918 Miiller
1009 1898 1016 1923 ;
1058 1885 1186 1926 Unger
1223 1884 1357 1916 strikes
1394 1886 1458 1915 out

270 1941 574 2022 cossssssss{r1‘oribrts
586 2002 593 2010 .
613 2002 619 2009 .
637 2002 643 2008 .
661 1988 705 2008 ex
721 1975 849 2018 quibus
867 1974 1026 2011 XValker,
1048 1971 1134 2011 Bm,
1154 1972 1219 2003 Ed.
1237 1984 1245 2009 ς
1262 1983 1306 2004 ex
1319 1970 1455 2013 superi-

266 2025 403 2058 oribus.
422 2048 429 2055 .
444 2048 450 2054 .
470 2023 597 2065 quibus
611 2021 730 2057 MSS„
749 2019 836 2056 Bt.¹;
849 2017 1086 2061 superioribus
1098 2041 1105 2050 .
1123 2041 1131 2048 .
1149 2040 1156 2048 .
1173 2014 1451 2058 quibus,Heine.

376 2078 454 2118 298
