1546 2294
191 885 241 923 87

572 132 773 172 CICERO
804 133 881 171 DE
910 133 1147 174 OFFICIIS

280 219 471 253 faturum.
533 215 659 252 Hunc
692 215 896 254 Fabricius
927 215 1207 255 reducendum
1238 221 1394 257 curavit
1421 217 1475 258 ad

278 311 491 359 Pyrrhum,
511 311 635 359 idque
656 314 742 350 eius
762 311 916 350 factum
942 313 1152 352 laudatum
1179 328 1204 352 a
1229 320 1374 354 senatu
1399 321 1474 355 est.

277 410 420 457 Atqui,
439 412 472 448 si
493 412 670 457 speciem
689 409 878 448 utilitatis
899 413 1214 459 opinionemque
1230 415 1474 460 quaerimus,

274 519 467 552 magnum
489 505 590 544 illud
610 506 764 544 bellum
785 506 956 554 perfuga
971 521 1075 546 unus
1091 513 1135 546 et
1148 522 1314 556 gravem
1329 509 1471 548 adver-

274 603 422 638 sarium
443 602 602 647 imperii
622 599 866 647 sustulisset,
893 600 966 638 sed
995 614 1189 648 magnum
1218 601 1396 640 dedecus
1425 606 1471 642 et

273 693 483 742 flagitium,
505 696 669 740 quicum
693 693 823 732 laudis
847 699 1055 733 certamen
1083 695 1239 743 suisset,
1267 709 1360 734 eum
1386 709 1468 734 non

275 790 439 834 virtute,
460 787 532 825 sed
553 787 706 825 scelere
728 792 973 835 superatum.

331 881 481 921 Utrum
502 883 628 928 igitur
646 881 787 919 utilius
807 880 872 919 vel
894 881 1090 929 Fabricio,
1110 885 1180 930 qui
1200 882 1293 922 talis
1322 885 1365 922 in
1393 882 1471 922 hac

273 974 385 1020 urbe,
399 973 528 1020 qualis
541 972 742 1011 Aristides
755 972 945 1022 Athenis,
958 973 1049 1021 fuit,
1063 973 1128 1012 vel
1143 977 1303 1013 senatui
1317 979 1470 1022 nostro,

272 1068 341 1113 qui
361 1079 582 1112 numquam
608 1065 832 1104 utilitatem
857 1079 881 1103 a
907 1066 1109 1114 dignitate
1136 1070 1327 1115 seiunxit,
1346 1069 1466 1106 armis

274 1173 365 1197 cum
404 1158 522 1197 hoste
556 1164 713 1196 certare
746 1172 799 1196 an
833 1160 1026 1198 venenis?
1084 1160 1126 1199 Si
1159 1160 1313 1208 gloriae
1347 1174 1467 1200 causa

274 1255 489 1300 imperium
509 1251 788 1299 expetendum
809 1257 885 1299 est,
905 1252 1036 1291 scelus
1059 1253 1179 1300 absit,
1206 1256 1249 1291 in
1276 1267 1356 1301 quo
1383 1267 1468 1293 non

277 1346 413 1389 potest
433 1354 521 1379 esse
541 1340 689 1388 gloria3
709 1344 771 1379 sin
792 1343 902 1388 ipsae
923 1354 1019 1389 opes
1040 1347 1290 1390 expetuntur
1309 1356 1472 1391 quoquo

274 1430 409 1477 modo,
430 1443 513 1468 non
533 1435 730 1478 poterunt
748 1429 871 1469 utiles
891 1443 979 1469 esse
999 1444 1093 1469 cum
1112 1430 1289 1470 infamia.

329 1520 423 1559 Non
453 1522 577 1567 igitur
607 1519 718 1557 utilis
747 1518 816 1557 illa
847 1518 890 1557 L.
923 1519 1098 1567 Philippi
1126 1519 1175 1568 Q.
1199 1519 1225 1559 f.
1249 1524 1469 1571 sententia,

272 1623 371 1658 quas
400 1612 586 1647 civitates
616 1608 660 1646 L.
685 1609 796 1648 Sulla
826 1612 998 1656 pecunia
1025 1615 1194 1657 accepta
1222 1622 1273 1648 ex
1301 1616 1466 1651 senatus

272 1699 458 1738 consulto
478 1698 745 1745 liberavisset,
766 1703 813 1736 ut
839 1711 912 1736 eae
933 1711 1067 1737 rursus
1086 1698 1307 1747 vectigales
1329 1706 1468 1740 essent

274 1801 410 1836 neque
439 1791 487 1826 iis
522 1790 750 1835 pecuniam,
780 1800 901 1834 quam
928 1801 1000 1835 pro
1031 1787 1223 1826 libertate
1254 1788 1469 1838 dederant,

247 1893 249 1895 ’
270 1878 545 1917 redderemus.
570 1877 619 1915 Ei
639 1881 803 1916 senatus
824 1882 888 1915 est
907 1890 1101 1916 assensus.
1125 1877 1261 1925 Turpe
1277 1880 1466 1927 imperio!

267 1971 486 2015 piratarum
507 1969 616 2005 enim
636 1967 779 2005 melior
798 1967 898 2005 fides
918 1980 1039 2013 quam
1059 1972 1232 2006 senatus.
1266 1967 1325 2006 At
1343 1974 1462 2008 aucta

264 2056 490 2103 vectigalia,
512 2055 613 2095 utile
640 2058 775 2103 igitur.
837 2055 1057 2103 Quousque
1083 2056 1294 2096 audebunt
1320 2057 1457 2098 dicere

375 2115 454 2154 360
