1546 2294
589 105 790 145 CICERO
821 105 898 144 DE
928 106 1164 146 OFFICIIS

295 190 539 236 impunitate
559 190 765 236 proposita
779 187 969 235 facturos,
985 188 1093 235 quod
1114 188 1318 236 expediat,
1339 187 1489 227 facino-

297 277 405 303 rosos
425 277 469 304 se
490 277 578 304 esse
605 264 827 312 fateantur,
847 267 881 303 si
906 269 1077 312 negent,
1099 267 1234 303 omnia
1259 267 1394 314 turpia
1418 277 1488 314 per

298 355 341 380 se
361 345 448 390 ipsa
467 341 664 389 fugienda
684 354 773 380 esse
794 341 1031 380 concedant.

353 418 435 457 Sed
454 421 534 456 iam
553 418 606 457 ad
625 420 875 466 propositum
895 423 1156 456 revertamur.

214 499 267 533 40
353 495 403 534 X.
437 494 632 533 Incidunt
650 495 805 534 multae
821 507 942 543 saepe
958 508 1114 542 causae,
1128 508 1231 542 quae
1247 495 1494 534 conturbent

297 575 451 611 animos
481 572 671 611 utilitatis
704 574 853 620 specie,
884 584 967 610 non
999 585 1108 610 cum·
1122 571 1199 610 hoc
1229 571 1492 620 deliberetur,

298 649 620 697 relinquendane
647 651 701 688 sit
725 648 917 688 honestas
943 654 1111 697 propter
1129 649 1317 688 utilitatis
1336 651 1491 697 magni-

298 726 484 765 tudinem
508 717 620 772 (nam
646 725 689 764 id
715 725 881 773 quidem
907 726 1135 773 improbum
1161 717 1256 774 est),
1279 725 1352 765 sed
1377 725 1494 774 illud,

297 806 477 851 possitne
507 803 563 851 id,
583 802 692 850 quod
721 802 823 841 utile
852 802 1051 850 videatur,
1080 802 1166 841 fieri
1194 815 1277 841 non
1305 805 1491 851 turpiter.

298 880 400 919 Cum
421 879 621 918 Collatino
642 879 824 926 collegae
849 879 998 917 Brutus
1024 881 1240 927 imperium
1258 879 1493 928 abrogabat,

297 961 459 1005 poterat
478 956 606 994 videri
626 955 759 994 facere
779 955 822 994 id
842 957 990 994 iniuste
1001 967 1011 1002 ;
1041 954 1175 994 fuerat
1194 958 1304 994 enim
1322 958 1366 994 in
1384 959 1491 1004 regi-

297 1034 370 1072 bus
391 1031 643 1081 expellendis
667 1034 796 1070 socius
823 1031 938 1070 Bruti
965 1031 1220 1082 consiliorum
1247 1037 1292 1070 et
1314 1032 1485 1071 adiutor.

296 1106 398 1144 Cum
423 1110 562 1144 autem
591 1105 801 1144 consilium
832 1104 910 1143 hoc
940 1107 1143 1152 principes
1173 1106 1389 1154 cepissent,
1419 1117 1485 1144 co-

295 1182 532 1227 gnationem
551 1178 724 1226 Superbi
742 1191 974 1226 nomenque
994 1178 1302 1226 Tarquiniorum
1330 1183 1375 1218 et
1401 1191 1486 1217 me-

295 1254 463 1291 moriam
477 1253 595 1298 regni
611 1263 699 1289 esse
714 1250 953 1298 tollendam,
969 1250 1077 1298 quod
1098 1255 1186 1289 erat
1203 1250 1319 1299 utile,
1334 1253 1487 1299 patriae

296 1324 519 1371 consulere,
539 1323 583 1362 id
603 1328 691 1362 erat
709 1325 767 1362 ita
784 1322 1016 1370 honestum,
1036 1327 1084 1361 ut
1107 1325 1231 1361 etiam
1256 1325 1332 1371 ipsi
1359 1322 1488 1362 Colla-

296 1400 382 1436 tino
397 1370 762 1445 methema
825 1395 968 1443 Itaque
995 1395 1150 1435 utilitas
1168 1395 1296 1435 valuit
1323 1401 1489 1444 propter

296 1468 564 1516 honestatem,
574 1471 660 1507 sine
674 1481 753 1515 qua
764 1480 817 1506 ne
830 1467 984 1506 utilitas
997 1467 1161 1515 quidem
1174 1481 1262 1506 esse
1274 1471 1482 1516 potuisset.

348 1542 407 1580 At
443 1544 487 1580 in
518 1554 566 1580 eo
597 1554 708 1588 rege,
743 1542 812 1588 qui
844 1540 987 1579 urbem
1021 1540 1216 1587 condidit,
1246 1553 1330 1579 non
1361 1543 1484 1587 item3

210 1621 254 1653 41
291 1616 446 1662 species
462 1616 571 1652 enim
591 1613 779 1652 utilitatis
793 1616 973 1651 animum
992 1613 1151 1661 pepulit
1170 1616 1276 1659 eius;
1306 1615 1370 1652 cui
1389 1626 1482 1652 cum

290 1689 419 1726 visum
446 1691 555 1725 esset
577 1686 716 1725 utilius
743 1686 871 1724 solum
899 1699 1019 1733 quam
1039 1699 1131 1724 cum
1149 1686 1279 1725 altero
1297 1699 1482 1734 regnare,

293 1759 459 1798 fratrem
481 1761 700 1798 interemit.
745 1758 895 1797 Omisit
914 1758 980 1796 hic
1000 1763 1044 1797 et
1063 1761 1260 1806 pietatem
1280 1763 1324 1797 et
1342 1758 1482 1798 huma-

294 1834 480 1874 nitatem.
514 1836 562 1870 ut
599 1830 654 1879 id,
689 1830 797 1878 quod
835 1830 936 1869 utile
969 1830 1183 1869 videbatur
1215 1843 1349 1879 neque
1383 1836 1483 1879 erat,

721 1999 738 2018 ²
746 1994 931 2027 Romulus.

719 2036 888 2070 bRemus.

398 2094 476 2129 308
