1546 2294
548 119 748 160 CICERO
780 120 856 159 DE
886 121 1122 162 OFFICIIS

253 200 296 236 in
323 202 469 238 ceteris
496 199 683 239 habenda
711 205 814 240 ratio
840 216 924 241 non
950 217 1022 242 sua
1052 204 1194 252 solum,
1222 204 1296 244 sed
1322 208 1446 244 etiam

251 271 434 320 aliorum,
473 275 529 311 sic
567 276 611 311 in
649 274 769 313 domo
808 275 904 313 clari
941 275 1129 324 hominis,
1163 279 1207 315 in
1244 290 1366 325 quam
1403 282 1448 316 et

252 343 433 392 hospites
465 346 585 384 multi
619 347 841 394 recipiendi
877 353 920 386 et
953 349 1209 388 admittenda
1237 349 1446 389 hominum

252 419 444 465 cuiusque
473 418 584 457 modi
613 419 848 468 multitudo,
871 420 1104 460 adhibenda
1133 435 1227 460 cura
1256 427 1320 461 est
1347 421 1446 460 laxi-

250 493 367 536 tatis3
396 490 515 529 aliter
547 492 682 539 ampla
715 493 857 532 domus
896 493 1086 532 dedecori
1124 507 1245 542 saepe
1279 494 1444 533 domino

249 555 325 610 fit,1
356 566 390 602 si
421 569 484 602 est
514 567 557 602 in
584 578 632 603 ea
657 565 845 613 solitudo,
876 572 919 605 et
947 570 1136 615 maxime,
1166 570 1199 606 si
1226 567 1442 615 aliquando

248 636 327 675 alio
366 636 529 675 domino
569 638 686 676 solita
725 645 788 677 est
827 639 1087 687 frequentari.
1149 639 1347 679 Odiosum
1379 645 1444 679 est

248 703 371 748 enim,
392 715 485 740 cum
504 715 528 739 a
548 704 901 750 praetereuntibus
922 704 1090 743 dicitur:

11 798 68 860 313)-
69 805 142 860 bffi(
150 799 222 854 ἑὼ,
299 808 324 833 ο
344 794 487 833 domus
507 796 686 843 antiqua,
708 789 815 835 heu²
835 810 956 844 quam
976 797 1124 845 dispari

164 853 172 866 ,

11 868 130 894 184-185
303 867 511 906 dominare
532 869 715 907 domino!

249 962 358 1009 quod
377 962 543 1009 quidem
562 962 624 1001 his
644 963 894 1010 temporibus
914 966 956 1001 in
975 963 1114 1002 multis
1133 963 1232 1002 licet
1251 964 1397 1003 dicere.

142 1038 218 1071 140
305 1035 540 1073 Cavendum
559 1041 698 1074 autem
719 1041 794 1082 est,
816 1039 1053 1083 praesertim
1077 1039 1110 1074 si
1133 1039 1220 1084 ipse
1239 1037 1439 1084 aedifices,

248 1120 302 1146 ne
329 1112 443 1146 extra
468 1108 635 1146 modum
661 1114 826 1156 sumptu
853 1114 896 1147 et
921 1109 1222 1156 magnificentia
1250 1109 1439 1158 prodeas;

250 1194 330 1228 quo
358 1183 402 1218 in
429 1194 583 1228 genere
613 1182 789 1220 multum
817 1182 913 1220 mali
941 1185 1064 1220 etiam
1088 1185 1131 1220 in
1155 1182 1342 1230 exemplo
1366 1187 1439 1221 est.

251 1252 440 1292 Studiose
468 1256 578 1291 enim
605 1253 788 1301 plerique
816 1257 1055 1302 praesertim
1081 1257 1124 1292 in
1153 1254 1258 1292 hanc
1284 1259 1443 1302 partem

252 1325 360 1364 facta
379 1329 608 1374 principum
627 1329 852 1374 imitantur,
872 1332 920 1365 ut
939 1327 984 1366 L.
1002 1327 1173 1374 Luculli,
1194 1330 1340 1366 summi
1358 1330 1444 1374 viri,

252 1401 446 1437 virtutem
475 1399 589 1446 quis?
623 1404 667 1437 at
695 1413 815 1446 quam
839 1399 957 1437 multi
978 1399 1161 1438 villarum
1185 1399 1444 1446 magnificen-

250 1475 349 1510 tiam
378 1472 550 1510 imitati!
582 1485 750 1519 quarum
775 1472 940 1519 quidem
966 1477 1076 1511 certe
1102 1477 1165 1511 est
1190 1471 1444 1511 adhibendus

887 1537 902 1563 8

250 1544 393 1583 modus
408 1544 460 1583 ad
472 1545 877 1592 mediocritatemque
917 1544 1174 1584 revocandus.
1207 1545 1442 1592 Eademque

250 1617 507 1656 mediocritas
526 1617 578 1655 ad
598 1630 761 1655 omnem
785 1631 901 1655 usum
925 1617 1162 1664 cultumque
1181 1620 1288 1656 vitae
1312 1622 1441 1656 trans-

251 1691 421 1730 ferenda
440 1695 513 1729 est.

306 1763 389 1803 Sed
408 1762 508 1801 haec
529 1762 736 1801 hactenus.

301 1882 368 1926 'fit
390 1883 461 1921 Bt„
482 1882 566 1921 Ed.;
582 1882 634 1914 sit
650 1882 676 1914 B
696 1882 729 1913 H
748 1892 770 1914 a
788 1881 832 1919 b;
857 1883 909 1913 est
926 1881 952 1912 L
969 1881 1074 1922 (corr.
1095 1891 1140 1912 ex
1155 1881 1206 1913 sit
1225 1880 1273 1922 b),
1301 1881 1440 1920 Mulier,

256 1927 392 1965 Heine;
417 1930 480 1958 not
496 1926 530 1958 in
548 1937 577 1958 e.

296 1971 310 1991 ²
322 1971 390 2003 heu
408 1970 518 2006 Edd.;
534 1973 570 2002 et
585 1969 707 2007 MSS.;
723 1969 759 2001 ei
773 1969 939 2000 Schenkl.

296 2014 664 2056 ”mediocritatemque
682 2025 691 2045 z
707 2024 774 2056 que
790 2012 969 2045 italieized
986 2011 1032 2055 by
1051 2011 1114 2044 Ed.
1137 2011 1200 2044 but
1215 2012 1377 2045 attested
1392 2011 1440 2054 by

254 2058 466 2092 BHLbc.

365 2115 440 2148 142
