1546 2294
208 576 257 616 17

205 1500 253 1535 18

589 98 789 142 CICERO
820 98 896 142 DE
926 98 1163 144 OFFICIIS

292 182 436 222 horum
449 187 505 223 sic
518 187 691 232 sapiens,
700 190 748 224 ut
759 187 988 233 sapientem
1001 186 1184 225 volumus
1196 187 1398 236 intellegi,
1409 201 1486 227 nec

291 266 333 311 ii,
353 267 422 312 qui
453 268 658 313 sapientes
690 265 820 304 habiti
852 272 896 305 et
926 270 1140 314 nominati,
1162 268 1217 306 Μ.
1241 269 1341 307 Cato
1367 274 1412 308 et
1442 269 1484 308 C.

293 344 467 392 Laelius,
494 348 699 393 sapientes
731 346 912 394 fuerunt,
939 361 992 386 ne
1027 347 1086 386 illi
1117 348 1283 396 quidem
1314 354 1487 398 septem,

289 421 362 460 sed
382 435 432 460 ex
448 421 675 460 mediorum
690 423 908 461 officiorum
926 423 1157 471 frequentia
1177 424 1484 465 similitudinem

288 498 492 545 quandam
512 499 714 546 gerebant
733 502 993 547 speciemque
1013 503 1269 549 sapientium.

344 573 542 622 Quocirca
568 589 645 614 nec
671 575 726 623 id,
748 576 856 623 quod
876 590 971 615 vere
998 577 1216 617 honestum
1243 583 1319 626 est,
1340 578 1399 618 fas
1419 579 1482 619 est

287 663 379 688 cum
410 651 598 689 utilitatis
630 654 900 699 repugnantia
932 656 1165 701 comparari,
1192 668 1269 693 nec
1297 655 1353 703 id,
1373 649 1482 703 quod

286 731 557 766 communiter
580 728 831 776 appellamus
863 729 1095 777 honestum,
1123 731 1232 778 quod
1258 731 1406 771 colitur
1429 733 1482 771 ab

261 811 266 816 “
285 807 347 852 iis,
367 807 436 851 qui
456 805 583 843 bonos
603 818 646 843 se
666 807 770 843 viros
791 805 931 844 haberi
947 806 1103 854 volunt,
1120 821 1213 846 cum
1233 808 1482 848 emolumen-

286 884 340 920 tis
360 895 551 929 umquam
573 887 637 920 est
657 882 986 930 comparandum,
1004 889 1169 932 tamque
1189 884 1232 923 id
1250 885 1482 933 honestum,

284 958 394 1007 quod
438 961 482 997 in
520 964 700 998 nostram
748 960 1077 1008 intellegentiam
1117 962 1240 1009 cadit,
1280 963 1479 1003 tuendum

285 1022 687 1084 conservandumque
703 1037 818 1075 nobis
834 1042 898 1075 est
917 1051 1038 1085 quam
1058 1038 1173 1086 illud,
1189 1039 1298 1087 quod
1318 1043 1477 1089 proprie

284 1111 433 1150 dieitur
466 1124 642 1159 vereque
681 1116 746 1150 est
783 1111 1015 1160 honestum,
1049 1115 1322 1162 sapientibus3
1359 1115 1479 1154 aliter

284 1191 395 1228 enim
414 1191 547 1227 teneri
567 1201 650 1227 non
670 1193 820 1236 potest,
840 1191 873 1227 si
893 1203 972 1237 qua
991 1190 1044 1229 ad
1065 1193 1260 1230 virtutem
1280 1197 1345 1231 est
1370 1191 1478 1232 faeta

285 1267 522 1313 progressio.

340 1341 422 1380 Sed
452 1341 554 1380 haee
574 1341 741 1389 quidem
761 1342 814 1381 de
835 1345 895 1390 iis,
917 1346 986 1390 qui
1007 1347 1314 1384 conservatione
1334 1346 1478 1384 officio-

284 1431 373 1457 rum
394 1420 678 1457 existimantur
697 1419 804 1456 boni.

339 1495 421 1543 Qui
440 1500 578 1534 autem
598 1498 733 1533 omnia
752 1499 979 1535 metiuntur
999 1498 1284 1537 emolumentis
1304 1504 1347 1537 et
1367 1513 1474 1538 com-

282 1573 412 1612 modis
443 1586 576 1620 neque
604 1586 653 1611 ea
679 1573 822 1611 volunt
848 1574 1161 1621 praeponderari
1190 1575 1418 1623 honestate,
1445 1579 1471 1615 ii

282 1650 416 1688 solent
435 1652 477 1687 in
497 1649 761 1687 deliberando
788 1649 1005 1689 honestum
1032 1665 1124 1690 cum
1150 1665 1212 1699 eo,
1232 1652 1341 1700 quod
1372 1653 1473 1692 utile

281 1731 440 1774 putant,
474 1739 718 1773 comparare,
759 1727 854 1764 boni
893 1729 965 1765 viri
1004 1714 1086 1766 non
1124 1728 1268 1768 solent.
1330 1729 1474 1777 Itaque

281 1805 468 1842 existimo
497 1802 746 1850 Panaetium,
768 1816 859 1841 cum
890 1803 1039 1842 dixerit
1069 1804 1254 1844 homines
1277 1805 1405 1844 solere
1432 1809 1474 1844 in

280 1880 354 1918 hac
375 1881 674 1927 comparatione
695 1878 894 1926 dubitare,
916 1880 992 1918 hoc
1011 1883 1143 1929 ipsum
1163 1884 1348 1930 sensisse,
1364 1883 1471 1930 quod

278 1958 439 2003 dixerit,
450 1947 475 1964 “
483 1956 612 1994 solere
623 1956 645 1970 ’'
656 1955 790 2003 modo,
799 1970 881 1995 non
890 1960 1013 1995 etiam
1024 1949 1049 1966 “
1057 1958 1284 2006 oportere.”
1302 1959 1467 1998 Etenim

275 2049 356 2074 non
383 2034 504 2072 modo
536 2033 659 2080 pluris
691 2038 847 2081 putare,
869 2034 977 2081 quod
1005 2035 1105 2073 utile
1127 2035 1325 2082 videatur,
1345 2048 1465 2083 quam

387 2094 467 2129 284
