1546 2294
184 694 231 734 91

185 1465 238 1504 92

559 93 761 133 CICERO
792 94 870 132 DE
900 94 1138 135 OFFICIIS

321 165 487 213 “Immo
507 188 615 222 vero,
632 175 706 213 sed
725 177 802 222 ipsi
821 178 976 223 patriae
992 175 1186 216 conducit
1203 179 1292 225 pios
1309 176 1463 216 habere

264 242 371 277 cives
391 242 434 277 in
455 240 686 287 parentes.''

320 294 346 311 “
356 303 492 351 Quid?
523 307 556 342 si
582 304 844 351 tyrannidem
875 317 1085 352 occupare,
1110 308 1143 343 si
1171 307 1345 353 patriam
1375 319 1467 354 pro-

266 368 364 406 dere
385 368 598 406 conabitur
617 373 746 415 pater,
767 368 958 407 silebitne
978 368 1141 407 filius?’'

321 422 488 470 “Immo
508 445 604 470 vero
628 433 857 471 obsecrabit
883 438 1057 480 patrem,
1077 447 1130 471 ne
1157 433 1200 472 id
1231 433 1364 473 faeiat.
1424 434 1466 473 Si

266 496 369 534 nihil
397 496 595 544 proficiet,
615 497 834 544 accusabit,
854 497 1076 535 minabitur
1096 500 1234 544 etiam,
1253 497 1306 536 ad
1332 502 1467 536 extre-

266 575 392 608 mum,
412 563 446 599 si
471 560 523 599 ad
549 563 773 608 perniciem
800 564 955 608 patriae
982 574 1046 599 res
1076 562 1291 609 spectabit,
1311 563 1466 609 patriae

267 625 440 663 salutem
459 630 687 672 anteponet
707 625 829 663 saluti
849 625 1015 672 patris.”

325 689 498 737 Quaerit
536 692 674 736 etiam,
714 692 747 727 si
785 692 946 737 sapiens
984 689 1236 729 adulterinos
1278 703 1467 729 nummos

267 756 471 802 acceperit
509 754 745 801 imprudens
780 767 853 801 pro
892 754 1020 801 bonis,
1061 767 1154 792 eum
1193 754 1236 792 id
1273 757 1469 802 rescierit,

268 818 525 857 soluturusne
546 821 599 856 sit
627 831 710 865 eos,
730 820 763 856 si
791 810 879 856 cui1
899 818 1062 865 debeat,
1083 831 1156 865 pro
1182 819 1309 857 bonis.
1371 818 1468 858 Dio-

266 896 394 930 genes
413 885 484 929 ait,
505 882 726 929 Antipater
745 887 884 930 negat,
905 885 970 920 cui
990 886 1125 930 potius
1145 885 1351 921 assentior.

324 947 407 994 Qui
453 939 617 984 vinum2
663 946 824 993 fugiens
868 946 1021 985 vendat
1069 949 1213 994 sciens,
1261 947 1466 986 debeatne

267 1012 415 1060 dicere.
476 1011 570 1048 Non
585 1024 752 1049 necesse
773 1016 892 1058 putat
913 1011 1135 1058 Diogenes,
1151 1011 1372 1059 Antipater
1390 1014 1464 1049 viri

268 1077 363 1114 boni
391 1078 607 1113 existimat.
670 1075 787 1113 Haec
818 1080 914 1113 sunt
943 1078 1057 1122 quasi
1088 1080 1346 1114 controversa
1377 1078 1464 1113 iura

269 1141 506 1179 Stoicorum.
587 1129 672 1176 “In
719 1142 921 1186 mancipio
969 1139 1186 1177 vendendo
1235 1139 1463 1178 dicendane

268 1207 378 1251 vitia,
399 1217 482 1241 non
509 1216 570 1250 ea,
592 1216 695 1249 quae
723 1206 801 1240 nisi
830 1203 993 1250 dixeris,
1021 1203 1286 1241 redhibeatur
1311 1206 1465 1241 manci-

269 1271 381 1316 pium
396 1270 483 1305 iure
499 1267 618 1313 civili,
632 1267 703 1305 sed
725 1266 839 1313 haec,
856 1267 1096 1305 mendacem
1113 1280 1215 1314 esse,
1230 1267 1466 1315 aleatorem,

268 1332 462 1379 furacem,
511 1330 771 1369 ebriosum?’'
851 1331 984 1369 Alteri
1042 1330 1216 1369 dicenda
1262 1331 1468 1379 videntur,

266 1397 385 1434 alteri
405 1409 488 1433 non
507 1395 708 1433 videntur.

325 1451 403 1498 “Si
441 1462 530 1507 quis
569 1473 711 1497 aurum
751 1459 933 1498 vendens
972 1459 1218 1498 orichalcum
1256 1473 1299 1498 se
1345 1465 1467 1507 putet

267 1524 460 1571 vendere,
480 1523 690 1561 indicetne
712 1526 749 1562 ei
771 1527 830 1561 vir
849 1524 978 1561 bonus
1004 1537 1146 1561 aurum
1173 1523 1275 1562 illud
1302 1537 1390 1562 esse
1410 1538 1462 1562 an

267 1593 376 1626 emat
396 1588 575 1634 denario,
596 1587 705 1634 quod
725 1590 777 1625 sit
797 1587 909 1625 mille
929 1587 1198 1625 denarium?”

324 1653 585 1699 Perspicuum
617 1657 680 1689 est
718 1654 811 1697 iam,
842 1657 886 1689 et
917 1651 1016 1698 quid
1053 1651 1153 1689 mihi
1187 1651 1385 1699 videatur,
1418 1657 1463 1691 et

266 1729 369 1764 quae
396 1718 449 1754 sit
478 1719 587 1754 inter
614 1728 682 1754 eos
708 1715 982 1763 philosophos,
1003 1729 1103 1763 quos
1130 1718 1347 1763 nominavi,
1367 1729 1463 1754 con-

267 1782 467 1818 troversia.

309 1859 363 1893 ¹si
378 1862 439 1894 cui
452 1872 484 1899 c,
504 1861 658 1901 Nonius,
678 1861 789 1899 Edd.;
812 1861 908 1893 sicut
924 1861 951 1893 B
971 1861 1004 1893 H
1022 1872 1046 1894 a
1062 1861 1096 1893 b.

314 1906 462 1938 'vinum
479 1916 509 1943 c,
530 1905 683 1944 Nonius,
704 1905 814 1942 Edd.;
839 1916 1015 1937 venenum
1033 1905 1060 1936 B
1080 1905 1114 1936 H
1132 1916 1155 1937 a
1172 1905 1195 1937 b
1212 1915 1246 1947 p.

295 2028 310 2046 ²
323 2022 400 2054 The
416 2022 588 2054 denarius
604 2032 680 2055 was
698 2022 814 2055 worth
830 2026 870 2055 at
886 2022 958 2054 this
974 2022 1059 2055 time
1075 2022 1187 2055 about
1203 2022 1411 2065 ninepenee.

375 2072 454 2111 366
