<?xml version="1.0" encoding="UTF-8"?>
<!DOCTYPE html PUBLIC "-//W3C//DTD XHTML 1.0 Transitional//EN"
    "http://www.w3.org/TR/xhtml1/DTD/xhtml1-transitional.dtd">
<html xmlns="http://www.w3.org/1999/xhtml" xml:lang="en" lang="en">
 <head>
  <title>
</title>
<meta http-equiv="Content-Type" content="text/html;charset=utf-8" />
  <meta name='ocr-system' content='tesseract 3.04.00' />
  <meta name='ocr-capabilities' content='ocr_page ocr_carea ocr_par ocr_line ocrx_word'/>
</head>
<body>
  <div class='ocr_page' id='page_1' title='image "./deofficiiswithen00ciceuoft_0314.png"; bbox 0 0 1546 2294; ppageno 0'>
   <div class='ocr_carea' id='block_1_1' title="bbox 244 370 295 404">
    <p class='ocr_par' dir='ltr' id='par_1_1' title="bbox 244 370 295 404">
     <span class='ocr_line' id='line_1_1' title="bbox 244 370 295 404; baseline 0 0"><span class='ocrx_word' id='word_1_1' title='bbox 244 370 295 404; x_wconf 74' lang='lat'><strong>23</strong></span> 
     </span>
    </p>
   </div>
   <div class='ocr_carea' id='block_1_2' title="bbox 257 1168 308 1201">
    <p class='ocr_par' dir='ltr' id='par_1_2' title="bbox 257 1168 308 1201">
     <span class='ocr_line' id='line_1_2' title="bbox 257 1168 308 1201; baseline -0.02 0"><span class='ocrx_word' id='word_1_2' title='bbox 257 1168 308 1201; x_wconf 78' lang='lat'><strong>24</strong></span> 
     </span>
    </p>
   </div>
   <div class='ocr_carea' id='block_1_3' title="bbox 263 1682 314 1716">
    <p class='ocr_par' dir='ltr' id='par_1_3' title="bbox 263 1682 314 1716">
     <span class='ocr_line' id='line_1_3' title="bbox 263 1682 314 1716; baseline 0 0"><span class='ocrx_word' id='word_1_3' title='bbox 263 1682 314 1716; x_wconf 80' lang='lat'><strong>25</strong></span> 
     </span>
    </p>
   </div>
   <div class='ocr_carea' id='block_1_4' title="bbox 618 139 1193 184">
    <p class='ocr_par' dir='ltr' id='par_1_4' title="bbox 618 139 1193 184">
     <span class='ocr_line' id='line_1_4' title="bbox 618 139 1193 184; baseline -0.002 0"><span class='ocrx_word' id='word_1_4' title='bbox 618 142 819 184; x_wconf 86' lang='lat' dir='ltr'>CICERO</span> <span class='ocrx_word' id='word_1_5' title='bbox 850 141 926 182; x_wconf 89' lang='lat' dir='ltr'><strong>DE</strong></span> <span class='ocrx_word' id='word_1_6' title='bbox 956 139 1193 183; x_wconf 90' lang='lat' dir='ltr'>OFFICIIS</span> 
     </span>
    </p>
   </div>
   <div class='ocr_carea' id='block_1_5' title="bbox 326 226 1540 1976">
    <p class='ocr_par' dir='ltr' id='par_1_5' title="bbox 326 226 1518 344">
     <span class='ocr_line' id='line_1_5' title="bbox 326 226 1518 275; baseline -0.006 -7"><span class='ocrx_word' id='word_1_7' title='bbox 326 229 427 268; x_wconf 92' lang='lat' dir='ltr'><strong>illud</strong></span> <span class='ocrx_word' id='word_1_8' title='bbox 451 233 596 267; x_wconf 88' lang='lat' dir='ltr'><strong>natura</strong></span> <span class='ocrx_word' id='word_1_9' title='bbox 618 241 701 266; x_wconf 91' lang='lat' dir='ltr'><strong>non</strong></span> <span class='ocrx_word' id='word_1_10' title='bbox 733 229 900 275; x_wconf 88' lang='lat' dir='ltr'><strong>patitur,</strong></span> <span class='ocrx_word' id='word_1_11' title='bbox 925 231 973 265; x_wconf 90' lang='lat' dir='ltr'><strong>ut</strong></span> <span class='ocrx_word' id='word_1_12' title='bbox 998 226 1168 264; x_wconf 88' lang='lat' dir='ltr'><strong>aliorum</strong></span> <span class='ocrx_word' id='word_1_13' title='bbox 1195 227 1332 273; x_wconf 86' lang='lat' dir='ltr'><strong>spoliis</strong></span> <span class='ocrx_word' id='word_1_14' title='bbox 1361 227 1518 262; x_wconf 80' lang='lat' dir='ltr'><strong>nostras</strong></span> 
     </span>
     <span class='ocr_line' id='line_1_6' title="bbox 327 297 1092 344; baseline -0.004 -9"><span class='ocrx_word' id='word_1_15' title='bbox 327 297 554 344; x_wconf 79' lang='lat' dir='ltr'><strong>facultates,</strong></span> <span class='ocrx_word' id='word_1_16' title='bbox 576 298 722 343; x_wconf 89' lang='lat' dir='ltr'><strong>copias,</strong></span> <span class='ocrx_word' id='word_1_17' title='bbox 743 308 841 342; x_wconf 92' lang='lat' dir='ltr'><strong>opes</strong></span> <span class='ocrx_word' id='word_1_18' title='bbox 861 307 1092 341; x_wconf 85' lang='lat' dir='ltr'>augeamus.</span> 
     </span>
    </p>

    <p class='ocr_par' dir='ltr' id='par_1_6' title="bbox 328 361 1524 821">
     <span class='ocr_line' id='line_1_7' title="bbox 383 361 1523 412; baseline -0.006 -8"><span class='ocrx_word' id='word_1_19' title='bbox 383 365 529 412; x_wconf 87' lang='lat' dir='ltr'><strong>Neque</strong></span> <span class='ocrx_word' id='word_1_20' title='bbox 544 377 640 403; x_wconf 90' lang='lat' dir='ltr'><strong>vero</strong></span> <span class='ocrx_word' id='word_1_21' title='bbox 653 363 730 402; x_wconf 91' lang='lat' dir='ltr'><strong>hoc</strong></span> <span class='ocrx_word' id='word_1_22' title='bbox 746 363 876 402; x_wconf 88' lang='lat' dir='ltr'><strong>solum</strong></span> <span class='ocrx_word' id='word_1_23' title='bbox 895 367 1053 410; x_wconf 86' lang='lat' dir='ltr'><strong>natura,</strong></span> <span class='ocrx_word' id='word_1_24' title='bbox 1068 361 1111 400; x_wconf 84' lang='lat' dir='ltr'><strong>id</strong></span> <span class='ocrx_word' id='word_1_25' title='bbox 1132 366 1196 401; x_wconf 92' lang='lat' dir='ltr'><strong>est</strong></span> <span class='ocrx_word' id='word_1_26' title='bbox 1214 364 1302 400; x_wconf 91' lang='lat' dir='ltr'><strong>iure</strong></span> <span class='ocrx_word' id='word_1_27' title='bbox 1322 362 1523 408; x_wconf 79' lang='lat' dir='ltr'><strong>gentium,</strong></span> 
     </span>
     <span class='ocr_line' id='line_1_8' title="bbox 328 428 1524 479; baseline -0.005 -7"><span class='ocrx_word' id='word_1_28' title='bbox 328 434 400 473; x_wconf 88' lang='lat' dir='ltr'><strong>sed</strong></span> <span class='ocrx_word' id='word_1_29' title='bbox 421 436 545 472; x_wconf 91' lang='lat' dir='ltr'><strong>etiam</strong></span> <span class='ocrx_word' id='word_1_30' title='bbox 557 432 716 479; x_wconf 89' lang='lat' dir='ltr'><strong>legibus</strong></span> <span class='ocrx_word' id='word_1_31' title='bbox 736 431 990 479; x_wconf 84' lang='lat' dir='ltr'><strong>populorum,</strong></span> <span class='ocrx_word' id='word_1_32' title='bbox 1012 431 1157 478; x_wconf 89' lang='lat' dir='ltr'><strong>quibus</strong></span> <span class='ocrx_word' id='word_1_33' title='bbox 1177 433 1220 468; x_wconf 90' lang='lat' dir='ltr'><strong>in</strong></span> <span class='ocrx_word' id='word_1_34' title='bbox 1240 428 1409 477; x_wconf 87' lang='lat' dir='ltr'><strong>singulis</strong></span> <span class='ocrx_word' id='word_1_35' title='bbox 1429 429 1524 466; x_wconf 84' lang='lat' dir='ltr'><strong>civi-</strong></span> 
     </span>
     <span class='ocr_line' id='line_1_9' title="bbox 329 497 1522 548; baseline -0.005 -8"><span class='ocrx_word' id='word_1_36' title='bbox 329 502 480 540; x_wconf 86' lang='lat' dir='ltr'><strong>tatibus</strong></span> <span class='ocrx_word' id='word_1_37' title='bbox 507 514 570 539; x_wconf 90' lang='lat' dir='ltr'><strong>res</strong></span> <span class='ocrx_word' id='word_1_38' title='bbox 594 500 757 548; x_wconf 88' lang='lat' dir='ltr'><strong>publica</strong></span> <span class='ocrx_word' id='word_1_39' title='bbox 780 502 1027 545; x_wconf 75' lang='lat' dir='ltr'><strong>continetur,</strong></span> <span class='ocrx_word' id='word_1_40' title='bbox 1053 498 1198 537; x_wconf 90' lang='lat' dir='ltr'><strong>eodem</strong></span> <span class='ocrx_word' id='word_1_41' title='bbox 1225 497 1346 536; x_wconf 87' lang='lat' dir='ltr'><strong>modo</strong></span> <span class='ocrx_word' id='word_1_42' title='bbox 1373 497 1522 536; x_wconf 81' lang='lat' dir='ltr'><strong>consti-</strong></span> 
     </span>
     <span class='ocr_line' id='line_1_10' title="bbox 329 566 1522 616; baseline -0.006 -7"><span class='ocrx_word' id='word_1_43' title='bbox 329 574 465 615; x_wconf 85' lang='lat' dir='ltr'><strong>tutum</strong></span> <span class='ocrx_word' id='word_1_44' title='bbox 490 574 566 616; x_wconf 91' lang='lat' dir='ltr'><strong>est,</strong></span> <span class='ocrx_word' id='word_1_45' title='bbox 591 574 639 607; x_wconf 90' lang='lat' dir='ltr'><strong>ut</strong></span> <span class='ocrx_word' id='word_1_46' title='bbox 662 572 745 606; x_wconf 91' lang='lat' dir='ltr'><strong>non</strong></span> <span class='ocrx_word' id='word_1_47' title='bbox 768 568 892 606; x_wconf 89' lang='lat' dir='ltr'><strong>liceat</strong></span> <span class='ocrx_word' id='word_1_48' title='bbox 916 570 976 606; x_wconf 88' lang='lat' dir='ltr'><strong>sui</strong></span> <span class='ocrx_word' id='word_1_49' title='bbox 1003 566 1204 605; x_wconf 90' lang='lat' dir='ltr'><strong>commodi</strong></span> <span class='ocrx_word' id='word_1_50' title='bbox 1230 579 1349 605; x_wconf 88' lang='lat' dir='ltr'><strong>causa</strong></span> <span class='ocrx_word' id='word_1_51' title='bbox 1375 576 1522 604; x_wconf 86' lang='lat' dir='ltr'><strong>nocere</strong></span> 
     </span>
     <span class='ocr_line' id='line_1_11' title="bbox 330 632 1522 684; baseline -0.004 -8"><span class='ocrx_word' id='word_1_52' title='bbox 330 639 469 684; x_wconf 84' lang='lat' dir='ltr'><strong>alteri3</strong></span> <span class='ocrx_word' id='word_1_53' title='bbox 499 637 576 675; x_wconf 92' lang='lat' dir='ltr'><strong>hoc</strong></span> <span class='ocrx_word' id='word_1_54' title='bbox 597 639 707 676; x_wconf 92' lang='lat' dir='ltr'><strong>enim</strong></span> <span class='ocrx_word' id='word_1_55' title='bbox 732 640 921 684; x_wconf 87' lang='lat' dir='ltr'><strong>spectant</strong></span> <span class='ocrx_word' id='word_1_56' title='bbox 947 635 1074 683; x_wconf 87' lang='lat' dir='ltr'><strong>leges,</strong></span> <span class='ocrx_word' id='word_1_57' title='bbox 1094 635 1172 673; x_wconf 93' lang='lat' dir='ltr'><strong>hoc</strong></span> <span class='ocrx_word' id='word_1_58' title='bbox 1193 634 1348 681; x_wconf 90' lang='lat' dir='ltr'><strong>volunt,</strong></span> <span class='ocrx_word' id='word_1_59' title='bbox 1368 632 1522 672; x_wconf 91' lang='lat' dir='ltr'><strong>incolu-</strong></span> 
     </span>
     <span class='ocr_line' id='line_1_12' title="bbox 330 700 1523 750; baseline -0.005 -5"><span class='ocrx_word' id='word_1_60' title='bbox 330 701 439 745; x_wconf 82' lang='lat' dir='ltr'><strong>mem</strong></span> <span class='ocrx_word' id='word_1_61' title='bbox 475 718 563 745; x_wconf 91' lang='lat' dir='ltr'><strong>esse</strong></span> <span class='ocrx_word' id='word_1_62' title='bbox 598 708 747 743; x_wconf 92' lang='lat' dir='ltr'><strong>civium</strong></span> <span class='ocrx_word' id='word_1_63' title='bbox 778 706 1129 750; x_wconf 82' lang='lat' dir='ltr'><strong>coniunctionem3</strong></span> <span class='ocrx_word' id='word_1_64' title='bbox 1170 716 1291 750; x_wconf 88' lang='lat' dir='ltr'><strong>quam</strong></span> <span class='ocrx_word' id='word_1_65' title='bbox 1325 705 1394 750; x_wconf 93' lang='lat' dir='ltr'><strong>qui</strong></span> <span class='ocrx_word' id='word_1_66' title='bbox 1427 700 1523 740; x_wconf 83' lang='lat' dir='ltr'><strong>diri-</strong></span> 
     </span>
     <span class='ocr_line' id='line_1_13' title="bbox 331 771 1468 821; baseline -0.004 -8"><span class='ocrx_word' id='word_1_67' title='bbox 331 780 463 821; x_wconf 87' lang='lat' dir='ltr'><strong>munt,</strong></span> <span class='ocrx_word' id='word_1_68' title='bbox 485 787 553 813; x_wconf 91' lang='lat' dir='ltr'><strong>eos</strong></span> <span class='ocrx_word' id='word_1_69' title='bbox 574 778 720 820; x_wconf 92' lang='lat' dir='ltr'><strong>morte,</strong></span> <span class='ocrx_word' id='word_1_70' title='bbox 742 772 898 820; x_wconf 87' lang='lat' dir='ltr'><strong>exsilio,</strong></span> <span class='ocrx_word' id='word_1_71' title='bbox 917 771 1074 819; x_wconf 90' lang='lat' dir='ltr'><strong>vinclis,</strong></span> <span class='ocrx_word' id='word_1_72' title='bbox 1094 771 1244 810; x_wconf 87' lang='lat' dir='ltr'><strong>damno</strong></span> <span class='ocrx_word' id='word_1_73' title='bbox 1267 773 1468 809; x_wconf 72' lang='lat' dir='ltr'><strong>coercent.</strong></span> 
     </span>
    </p>

    <p class='ocr_par' dir='ltr' id='par_1_7' title="bbox 335 836 1540 1659">
     <span class='ocr_line' id='line_1_14' title="bbox 391 836 1528 886; baseline -0.004 -9"><span class='ocrx_word' id='word_1_74' title='bbox 391 839 530 886; x_wconf 83' lang='lat' dir='ltr'><strong>Atque</strong></span> <span class='ocrx_word' id='word_1_75' title='bbox 555 838 633 876; x_wconf 92' lang='lat' dir='ltr'><strong>hoc</strong></span> <span class='ocrx_word' id='word_1_76' title='bbox 657 837 787 876; x_wconf 91' lang='lat' dir='ltr'><strong>multo</strong></span> <span class='ocrx_word' id='word_1_77' title='bbox 811 839 939 884; x_wconf 83' lang='lat' dir='ltr'><strong>magis</strong></span> <span class='ocrx_word' id='word_1_78' title='bbox 963 837 1086 875; x_wconf 90' lang='lat' dir='ltr'><strong>efficit</strong></span> <span class='ocrx_word' id='word_1_79' title='bbox 1108 838 1195 884; x_wconf 89' lang='lat' dir='ltr'><strong>ipsa</strong></span> <span class='ocrx_word' id='word_1_80' title='bbox 1218 840 1388 874; x_wconf 87' lang='lat' dir='ltr'><strong>naturae</strong></span> <span class='ocrx_word' id='word_1_81' title='bbox 1411 836 1528 881; x_wconf 77' lang='lat' dir='ltr'><strong>ratio,</strong></span> 
     </span>
     <span class='ocr_line' id='line_1_15' title="bbox 335 897 1534 952; baseline -0.005 -10"><span class='ocrx_word' id='word_1_82' title='bbox 335 917 438 952; x_wconf 86' lang='lat' dir='ltr'><strong>quae</strong></span> <span class='ocrx_word' id='word_1_83' title='bbox 459 908 524 942; x_wconf 91' lang='lat' dir='ltr'><strong>est</strong></span> <span class='ocrx_word' id='word_1_84' title='bbox 542 903 610 942; x_wconf 84' lang='lat' dir='ltr'><strong>lex</strong></span> <span class='ocrx_word' id='word_1_85' title='bbox 630 902 767 941; x_wconf 88' lang='lat' dir='ltr'><strong>divina</strong></span> <span class='ocrx_word' id='word_1_86' title='bbox 791 906 835 940; x_wconf 91' lang='lat' dir='ltr'><strong>et</strong></span> <span class='ocrx_word' id='word_1_87' title='bbox 858 901 1055 946; x_wconf 81' lang='lat' dir='ltr'><strong>humana3</strong></span> <span class='ocrx_word' id='word_1_88' title='bbox 1085 903 1150 938; x_wconf 93' lang='lat' dir='ltr'><strong>cui</strong></span> <span class='ocrx_word' id='word_1_89' title='bbox 1175 913 1316 948; x_wconf 90' lang='lat' dir='ltr'><strong>parere</strong></span> <span class='ocrx_word' id='word_1_90' title='bbox 1341 901 1411 947; x_wconf 93' lang='lat' dir='ltr'><strong>qui</strong></span> <span class='ocrx_word' id='word_1_91' title='bbox 1431 897 1534 938; x_wconf 89' lang='lat' dir='ltr'><strong>velit</strong></span> 
     </span>
     <span class='ocr_line' id='line_1_16' title="bbox 335 961 1530 1015; baseline -0.005 -8"><span class='ocrx_word' id='word_1_92' title='bbox 335 961 496 1015; x_wconf 91' lang='lat' dir='ltr'><strong>(omnes</strong></span> <span class='ocrx_word' id='word_1_93' title='bbox 515 971 655 1006; x_wconf 82' lang='lat' dir='ltr'><strong>autem</strong></span> <span class='ocrx_word' id='word_1_94' title='bbox 675 967 891 1014; x_wconf 89' lang='lat' dir='ltr'><strong>parebunt,</strong></span> <span class='ocrx_word' id='word_1_95' title='bbox 912 968 982 1013; x_wconf 93' lang='lat' dir='ltr'><strong>qui</strong></span> <span class='ocrx_word' id='word_1_96' title='bbox 1002 965 1228 1004; x_wconf 90' lang='lat' dir='ltr'><strong>secundum</strong></span> <span class='ocrx_word' id='word_1_97' title='bbox 1247 969 1435 1002; x_wconf 85' lang='lat' dir='ltr'><strong>naturam</strong></span> <span class='ocrx_word' id='word_1_98' title='bbox 1461 975 1530 1001; x_wconf 88' lang='lat' dir='ltr'><strong>vo-</strong></span> 
     </span>
     <span class='ocr_line' id='line_1_17' title="bbox 336 1024 1530 1079; baseline -0.005 -7"><span class='ocrx_word' id='word_1_99' title='bbox 336 1034 427 1071; x_wconf 90' lang='lat' dir='ltr'><strong>lent</strong></span> <span class='ocrx_word' id='word_1_100' title='bbox 446 1024 614 1079; x_wconf 89' lang='lat' dir='ltr'><strong>vivere),</strong></span> <span class='ocrx_word' id='word_1_101' title='bbox 634 1044 856 1078; x_wconf 88' lang='lat' dir='ltr'>numquam</span> <span class='ocrx_word' id='word_1_102' title='bbox 877 1033 1121 1077; x_wconf 89' lang='lat' dir='ltr'><strong>committet,</strong></span> <span class='ocrx_word' id='word_1_103' title='bbox 1142 1034 1190 1068; x_wconf 90' lang='lat' dir='ltr'><strong>ut</strong></span> <span class='ocrx_word' id='word_1_104' title='bbox 1208 1029 1387 1067; x_wconf 89' lang='lat' dir='ltr'><strong>alienum</strong></span> <span class='ocrx_word' id='word_1_105' title='bbox 1406 1040 1530 1076; x_wconf 87' lang='lat' dir='ltr'><strong>appe-</strong></span> 
     </span>
     <span class='ocr_line' id='line_1_18' title="bbox 338 1092 1527 1144; baseline -0.006 -8"><span class='ocrx_word' id='word_1_106' title='bbox 338 1103 399 1136; x_wconf 85' lang='lat' dir='ltr'><strong>tat</strong></span> <span class='ocrx_word' id='word_1_107' title='bbox 437 1102 482 1136; x_wconf 92' lang='lat' dir='ltr'><strong>et</strong></span> <span class='ocrx_word' id='word_1_108' title='bbox 519 1096 576 1144; x_wconf 92' lang='lat' dir='ltr'><strong>id,</strong></span> <span class='ocrx_word' id='word_1_109' title='bbox 614 1095 726 1143; x_wconf 90' lang='lat' dir='ltr'><strong>quod</strong></span> <span class='ocrx_word' id='word_1_110' title='bbox 764 1095 883 1134; x_wconf 84' lang='lat' dir='ltr'><strong>alteri</strong></span> <span class='ocrx_word' id='word_1_111' title='bbox 922 1094 1159 1141; x_wconf 87' lang='lat' dir='ltr'><strong>detraxerit,</strong></span> <span class='ocrx_word' id='word_1_112' title='bbox 1207 1094 1283 1132; x_wconf 90' lang='lat' dir='ltr'><strong>sibi</strong></span> <span class='ocrx_word' id='word_1_113' title='bbox 1331 1092 1527 1131; x_wconf 83' lang='lat' dir='ltr'>adsumat.</span> 
     </span>
     <span class='ocr_line' id='line_1_19' title="bbox 340 1155 1529 1207; baseline -0.005 -7"><span class='ocrx_word' id='word_1_114' title='bbox 340 1162 506 1200; x_wconf 82' lang='lat' dir='ltr'><strong>Etenim</strong></span> <span class='ocrx_word' id='word_1_115' title='bbox 533 1161 663 1199; x_wconf 85' lang='lat' dir='ltr'><strong>multo</strong></span> <span class='ocrx_word' id='word_1_116' title='bbox 687 1162 815 1207; x_wconf 87' lang='lat' dir='ltr'><strong>magis</strong></span> <span class='ocrx_word' id='word_1_117' title='bbox 843 1164 906 1198; x_wconf 84' lang='lat' dir='ltr'><strong>est</strong></span> <span class='ocrx_word' id='word_1_118' title='bbox 932 1158 1158 1198; x_wconf 89' lang='lat' dir='ltr'><strong>secundum</strong></span> <span class='ocrx_word' id='word_1_119' title='bbox 1183 1163 1370 1196; x_wconf 88' lang='lat' dir='ltr'><strong>naturam</strong></span> <span class='ocrx_word' id='word_1_120' title='bbox 1396 1155 1529 1196; x_wconf 87' lang='lat' dir='ltr'><strong>excel-</strong></span> 
     </span>
     <span class='ocr_line' id='line_1_20' title="bbox 340 1223 1532 1271; baseline -0.005 -6"><span class='ocrx_word' id='word_1_121' title='bbox 340 1230 436 1265; x_wconf 86' lang='lat' dir='ltr'>sitas</span> <span class='ocrx_word' id='word_1_122' title='bbox 459 1228 583 1264; x_wconf 88' lang='lat' dir='ltr'><strong>animi</strong></span> <span class='ocrx_word' id='word_1_123' title='bbox 608 1230 653 1263; x_wconf 89' lang='lat' dir='ltr'><strong>et</strong></span> <span class='ocrx_word' id='word_1_124' title='bbox 678 1223 919 1271; x_wconf 86' lang='lat' dir='ltr'>magnitudo</span> <span class='ocrx_word' id='word_1_125' title='bbox 946 1226 1128 1270; x_wconf 89' lang='lat' dir='ltr'><strong>itemque</strong></span> <span class='ocrx_word' id='word_1_126' title='bbox 1155 1225 1336 1268; x_wconf 86' lang='lat' dir='ltr'><strong>comitas,</strong></span> <span class='ocrx_word' id='word_1_127' title='bbox 1364 1223 1532 1266; x_wconf 81' lang='lat' dir='ltr'><strong>iustitia,</strong></span> 
     </span>
     <span class='ocr_line' id='line_1_21' title="bbox 342 1285 1536 1336; baseline -0.005 -7"><span class='ocrx_word' id='word_1_128' title='bbox 342 1290 563 1329; x_wconf 82' lang='lat' dir='ltr'><strong>liberalitas</strong></span> <span class='ocrx_word' id='word_1_129' title='bbox 583 1303 705 1336; x_wconf 91' lang='lat' dir='ltr'><strong>quam</strong></span> <span class='ocrx_word' id='word_1_130' title='bbox 725 1288 923 1335; x_wconf 89' lang='lat' dir='ltr'><strong>voluptas,</strong></span> <span class='ocrx_word' id='word_1_131' title='bbox 944 1301 1065 1334; x_wconf 89' lang='lat' dir='ltr'><strong>quam</strong></span> <span class='ocrx_word' id='word_1_132' title='bbox 1085 1289 1181 1333; x_wconf 87' lang='lat' dir='ltr'><strong>vita,</strong></span> <span class='ocrx_word' id='word_1_133' title='bbox 1202 1299 1323 1334; x_wconf 88' lang='lat' dir='ltr'><strong>quam</strong></span> <span class='ocrx_word' id='word_1_134' title='bbox 1347 1285 1536 1331; x_wconf 76' lang='lat' dir='ltr'><strong>divitiae3</strong></span> 
     </span>
     <span class='ocr_line' id='line_1_22' title="bbox 343 1350 1537 1402; baseline -0.005 -9"><span class='ocrx_word' id='word_1_135' title='bbox 343 1368 447 1402; x_wconf 89' lang='lat' dir='ltr'><strong>quae</strong></span> <span class='ocrx_word' id='word_1_136' title='bbox 468 1353 635 1401; x_wconf 91' lang='lat' dir='ltr'><strong>quidem</strong></span> <span class='ocrx_word' id='word_1_137' title='bbox 655 1357 920 1391; x_wconf 83' lang='lat' dir='ltr'><strong>contemnere</strong></span> <span class='ocrx_word' id='word_1_138' title='bbox 944 1356 989 1391; x_wconf 85' lang='lat' dir='ltr'><strong>et</strong></span> <span class='ocrx_word' id='word_1_139' title='bbox 1011 1365 1084 1399; x_wconf 88' lang='lat' dir='ltr'><strong>pro</strong></span> <span class='ocrx_word' id='word_1_140' title='bbox 1108 1351 1235 1388; x_wconf 91' lang='lat' dir='ltr'><strong>nihilo</strong></span> <span class='ocrx_word' id='word_1_141' title='bbox 1259 1350 1409 1388; x_wconf 85' lang='lat' dir='ltr'><strong>ducere</strong></span> <span class='ocrx_word' id='word_1_142' title='bbox 1429 1362 1537 1387; x_wconf 91' lang='lat' dir='ltr'><strong>com-</strong></span> 
     </span>
     <span class='ocr_line' id='line_1_23' title="bbox 346 1416 1540 1467; baseline -0.004 -10"><span class='ocrx_word' id='word_1_143' title='bbox 346 1423 557 1467; x_wconf 87' lang='lat' dir='ltr'><strong>parantem</strong></span> <span class='ocrx_word' id='word_1_144' title='bbox 588 1431 681 1456; x_wconf 89' lang='lat' dir='ltr'><strong>eum</strong></span> <span class='ocrx_word' id='word_1_145' title='bbox 715 1416 898 1455; x_wconf 89' lang='lat' dir='ltr'><strong>utilitate</strong></span> <span class='ocrx_word' id='word_1_146' title='bbox 932 1418 1136 1454; x_wconf 90' lang='lat' dir='ltr'><strong>communi</strong></span> <span class='ocrx_word' id='word_1_147' title='bbox 1170 1417 1307 1462; x_wconf 80' lang='lat' dir='ltr'><strong>magni</strong></span> <span class='ocrx_word' id='word_1_148' title='bbox 1339 1416 1463 1452; x_wconf 83' lang='lat' dir='ltr'><strong>animi</strong></span> <span class='ocrx_word' id='word_1_149' title='bbox 1495 1417 1540 1452; x_wconf 85' lang='lat' dir='ltr'><strong>et</strong></span> 
     </span>
     <span class='ocr_line' id='line_1_24' title="bbox 347 1472 1538 1528; baseline -0.006 -5"><span class='ocrx_word' id='word_1_150' title='bbox 347 1483 496 1523; x_wconf 88' lang='lat' dir='ltr'><strong>excelsi</strong></span> <span class='ocrx_word' id='word_1_151' title='bbox 531 1487 605 1521; x_wconf 89' lang='lat' dir='ltr'><strong>est.</strong></span> <span class='ocrx_word' id='word_1_152' title='bbox 675 1472 923 1528; x_wconf 88' lang='lat' dir='ltr'><strong>[Detrahere</strong></span> <span class='ocrx_word' id='word_1_153' title='bbox 947 1485 1086 1518; x_wconf 86' lang='lat' dir='ltr'><strong>autem</strong></span> <span class='ocrx_word' id='word_1_154' title='bbox 1110 1479 1162 1518; x_wconf 88' lang='lat' dir='ltr'><strong>de</strong></span> <span class='ocrx_word' id='word_1_155' title='bbox 1187 1479 1316 1518; x_wconf 86' lang='lat' dir='ltr'><strong>altero</strong></span> <span class='ocrx_word' id='word_1_156' title='bbox 1342 1481 1403 1517; x_wconf 93' lang='lat' dir='ltr'><strong>sui</strong></span> <span class='ocrx_word' id='word_1_157' title='bbox 1430 1491 1538 1516; x_wconf 89' lang='lat' dir='ltr'><strong>com-</strong></span> 
     </span>
     <span class='ocr_line' id='line_1_25' title="bbox 346 1547 1538 1593; baseline -0.005 -7"><span class='ocrx_word' id='word_1_158' title='bbox 346 1547 455 1586; x_wconf 89' lang='lat' dir='ltr'><strong>modi</strong></span> <span class='ocrx_word' id='word_1_159' title='bbox 487 1559 607 1585; x_wconf 88' lang='lat' dir='ltr'><strong>causa</strong></span> <span class='ocrx_word' id='word_1_160' title='bbox 637 1548 765 1593; x_wconf 86' lang='lat' dir='ltr'><strong>magis</strong></span> <span class='ocrx_word' id='word_1_161' title='bbox 797 1549 860 1583; x_wconf 92' lang='lat' dir='ltr'><strong>est</strong></span> <span class='ocrx_word' id='word_1_162' title='bbox 891 1549 1032 1582; x_wconf 87' lang='lat' dir='ltr'><strong>contra</strong></span> <span class='ocrx_word' id='word_1_163' title='bbox 1058 1548 1244 1582; x_wconf 88' lang='lat' dir='ltr'><strong>naturam</strong></span> <span class='ocrx_word' id='word_1_164' title='bbox 1270 1555 1391 1590; x_wconf 80' lang='lat' dir='ltr'><strong>quam</strong></span> <span class='ocrx_word' id='word_1_165' title='bbox 1417 1554 1538 1590; x_wconf 88' lang='lat' dir='ltr'><strong>mors,</strong></span> 
     </span>
     <span class='ocr_line' id='line_1_26' title="bbox 347 1597 1356 1659; baseline -0.005 -9"><span class='ocrx_word' id='word_1_166' title='bbox 347 1626 467 1659; x_wconf 83' lang='lat' dir='ltr'><strong>quam</strong></span> <span class='ocrx_word' id='word_1_167' title='bbox 488 1611 615 1658; x_wconf 90' lang='lat' dir='ltr'><strong>dolor,</strong></span> <span class='ocrx_word' id='word_1_168' title='bbox 635 1623 757 1657; x_wconf 89' lang='lat' dir='ltr'><strong>quam</strong></span> <span class='ocrx_word' id='word_1_169' title='bbox 777 1614 914 1648; x_wconf 86' lang='lat' dir='ltr'><strong>cetera</strong></span> <span class='ocrx_word' id='word_1_170' title='bbox 933 1611 1096 1656; x_wconf 84' lang='lat' dir='ltr'><strong>generis</strong></span> <span class='ocrx_word' id='word_1_171' title='bbox 1115 1597 1356 1654; x_wconf 85' lang='lat' dir='ltr'><strong>eiusdem.]¹</strong></span> 
     </span>
    </p>

    <p class='ocr_par' dir='ltr' id='par_1_8' title="bbox 348 1673 1540 1976">
     <span class='ocr_line' id='line_1_27' title="bbox 405 1673 1536 1723; baseline -0.005 -9"><span class='ocrx_word' id='word_1_172' title='bbox 405 1677 592 1723; x_wconf 87' lang='lat' dir='ltr'><strong>Itemque</strong></span> <span class='ocrx_word' id='word_1_173' title='bbox 612 1676 740 1721; x_wconf 89' lang='lat' dir='ltr'><strong>magis</strong></span> <span class='ocrx_word' id='word_1_174' title='bbox 760 1678 825 1712; x_wconf 86' lang='lat' dir='ltr'><strong>est</strong></span> <span class='ocrx_word' id='word_1_175' title='bbox 849 1673 1074 1712; x_wconf 91' lang='lat' dir='ltr'><strong>secundum</strong></span> <span class='ocrx_word' id='word_1_176' title='bbox 1094 1677 1281 1711; x_wconf 87' lang='lat' dir='ltr'><strong>naturam</strong></span> <span class='ocrx_word' id='word_1_177' title='bbox 1308 1684 1381 1719; x_wconf 89' lang='lat' dir='ltr'><strong>pro</strong></span> <span class='ocrx_word' id='word_1_178' title='bbox 1407 1673 1536 1709; x_wconf 88' lang='lat' dir='ltr'><strong>omni-</strong></span> 
     </span>
     <span class='ocr_line' id='line_1_28' title="bbox 348 1735 1538 1787; baseline -0.004 -9"><span class='ocrx_word' id='word_1_179' title='bbox 348 1742 421 1778; x_wconf 87' lang='lat' dir='ltr'><strong>bus</strong></span> <span class='ocrx_word' id='word_1_180' title='bbox 436 1740 641 1787; x_wconf 89' lang='lat' dir='ltr'><strong>gentibus,</strong></span> <span class='ocrx_word' id='word_1_181' title='bbox 655 1741 688 1777; x_wconf 93' lang='lat' dir='ltr'><strong>si</strong></span> <span class='ocrx_word' id='word_1_182' title='bbox 708 1738 793 1776; x_wconf 86' lang='lat' dir='ltr'><strong>fieri</strong></span> <span class='ocrx_word' id='word_1_183' title='bbox 814 1740 953 1785; x_wconf 88' lang='lat' dir='ltr'><strong>possit,</strong></span> <span class='ocrx_word' id='word_1_184' title='bbox 967 1736 1253 1775; x_wconf 87' lang='lat' dir='ltr'><strong>conservandis</strong></span> <span class='ocrx_word' id='word_1_185' title='bbox 1267 1740 1339 1774; x_wconf 91' lang='lat' dir='ltr'><strong>aut</strong></span> <span class='ocrx_word' id='word_1_186' title='bbox 1354 1735 1538 1774; x_wconf 86' lang='lat' dir='ltr'><strong>iuvandis</strong></span> 
     </span>
     <span class='ocr_line' id='line_1_29' title="bbox 348 1801 1539 1848; baseline -0.005 -5"><span class='ocrx_word' id='word_1_187' title='bbox 348 1808 543 1843; x_wconf 85' lang='lat' dir='ltr'><strong>maximos</strong></span> <span class='ocrx_word' id='word_1_188' title='bbox 574 1803 731 1841; x_wconf 87' lang='lat' dir='ltr'><strong>labores</strong></span> <span class='ocrx_word' id='word_1_189' title='bbox 758 1801 1045 1848; x_wconf 88' lang='lat' dir='ltr'><strong>molestiasque</strong></span> <span class='ocrx_word' id='word_1_190' title='bbox 1074 1803 1278 1848; x_wconf 88' lang='lat' dir='ltr'><strong>suscipere</strong></span> <span class='ocrx_word' id='word_1_191' title='bbox 1309 1802 1539 1838; x_wconf 81' lang='lat' dir='ltr'><strong>imitantem</strong></span> 
     </span>
     <span class='ocr_line' id='line_1_30' title="bbox 351 1863 1539 1914; baseline -0.006 -6"><span class='ocrx_word' id='word_1_192' title='bbox 351 1869 576 1908; x_wconf 88' lang='lat' dir='ltr'><strong>Herculem</strong></span> <span class='ocrx_word' id='word_1_193' title='bbox 597 1867 725 1914; x_wconf 90' lang='lat' dir='ltr'><strong>illum,</strong></span> <span class='ocrx_word' id='word_1_194' title='bbox 745 1879 867 1913; x_wconf 91' lang='lat' dir='ltr'><strong>quem</strong></span> <span class='ocrx_word' id='word_1_195' title='bbox 895 1865 1106 1904; x_wconf 90' lang='lat' dir='ltr'><strong>hominum</strong></span> <span class='ocrx_word' id='word_1_196' title='bbox 1126 1864 1233 1902; x_wconf 87' lang='lat' dir='ltr'><strong>fama</strong></span> <span class='ocrx_word' id='word_1_197' title='bbox 1252 1863 1539 1905; x_wconf 88' lang='lat' dir='ltr'><strong>beneficiorum</strong></span> 
     </span>
     <span class='ocr_line' id='line_1_31' title="bbox 348 1929 1540 1976; baseline -0.004 -4"><span class='ocrx_word' id='word_1_198' title='bbox 348 1947 503 1972; x_wconf 90' lang='lat' dir='ltr'><strong>memor</strong></span> <span class='ocrx_word' id='word_1_199' title='bbox 523 1935 565 1971; x_wconf 91' lang='lat' dir='ltr'><strong>in</strong></span> <span class='ocrx_word' id='word_1_200' title='bbox 586 1931 756 1971; x_wconf 91' lang='lat' dir='ltr'><strong>concilio</strong></span> <span class='ocrx_word' id='word_1_201' title='bbox 776 1930 1014 1969; x_wconf 86' lang='lat' dir='ltr'><strong>caelestium</strong></span> <span class='ocrx_word' id='word_1_202' title='bbox 1029 1929 1254 1976; x_wconf 86' lang='lat' dir='ltr'><strong>collocavit,</strong></span> <span class='ocrx_word' id='word_1_203' title='bbox 1270 1941 1391 1976; x_wconf 88' lang='lat' dir='ltr'><strong>quam</strong></span> <span class='ocrx_word' id='word_1_204' title='bbox 1406 1930 1540 1967; x_wconf 84' lang='lat' dir='ltr'><strong>vivere</strong></span> 
     </span>
    </p>
   </div>
   <div class='ocr_carea' id='block_1_6' title="bbox 353 2033 1537 2123">
    <p class='ocr_par' dir='ltr' id='par_1_9' title="bbox 353 2033 1537 2123">
     <span class='ocr_line' id='line_1_32' title="bbox 395 2033 1537 2082; baseline -0.005 -9"><span class='ocrx_word' id='word_1_205' title='bbox 395 2039 630 2073; x_wconf 75' lang='lat' dir='ltr'><strong>¹Detrahere.</strong></span> <span class='ocrx_word' id='word_1_206' title='bbox 647 2063 655 2071; x_wconf 90' lang='lat'>.</span> <span class='ocrx_word' id='word_1_207' title='bbox 674 2038 836 2082; x_wconf 77' lang='lat' dir='ltr'><strong>‚generis</strong></span> <span class='ocrx_word' id='word_1_208' title='bbox 880 2037 1036 2070; x_wconf 82' lang='lat' dir='ltr'><strong>eiusdem</strong></span> <span class='ocrx_word' id='word_1_209' title='bbox 1084 2036 1187 2069; x_wconf 90' lang='lat' dir='ltr'><strong>MSS.</strong></span> <span class='ocrx_word' id='word_1_210' title='bbox 1251 2034 1450 2068; x_wconf 79' lang='lat' dir='ltr'><strong>bracketed</strong></span> <span class='ocrx_word' id='word_1_211' title='bbox 1488 2033 1537 2078; x_wconf 82' lang='lat' dir='ltr'><strong>by</strong></span> 
     </span>
     <span class='ocr_line' id='line_1_33' title="bbox 353 2083 1492 2123; baseline -0.006 -7"><span class='ocrx_word' id='word_1_212' title='bbox 353 2085 486 2123; x_wconf 82' lang='lat' dir='ltr'><strong>Baiter,</strong></span> <span class='ocrx_word' id='word_1_213' title='bbox 507 2083 597 2115; x_wconf 89' lang='lat' dir='ltr'>Edd.</span> <span class='ocrx_word' id='word_1_214' title='bbox 1489 2099 1492 2105; x_wconf 91' lang='lat'>-</span> 
     </span>
    </p>
   </div>
   <div class='ocr_carea' id='block_1_7' title="bbox 460 2140 539 2178">
    <p class='ocr_par' dir='ltr' id='par_1_10' title="bbox 460 2140 539 2178">
     <span class='ocr_line' id='line_1_34' title="bbox 460 2140 539 2178; baseline -0.013 -5"><span class='ocrx_word' id='word_1_215' title='bbox 460 2140 539 2178; x_wconf 76' lang='lat'><strong>290</strong></span> 
     </span>
    </p>
   </div>
  </div>
 </body>
</html>
