1520 2320
228 283 250 316 8

197 1465 245 1498 10

576 86 776 125 CICERO
807 87 883 125 DE
912 83 1148 128 OFFICIIS

282 167 397 205 nobis
412 166 474 204 his
494 166 606 205 libris
626 167 921 215 explicandum.
945 169 1083 217 Atque
1099 173 1223 209 etiam
1237 170 1315 210 alia
1329 171 1472 211 divisio

283 228 347 261 est
360 223 488 260 officii.

337 279 443 317 Nam
464 283 508 317 et
532 279 713 318 medium
733 280 936 327 quoddam
955 282 1126 320 officium
1145 282 1294 322 dicitur
1313 288 1357 323 et
1381 297 1473 332 per-

281 335 446 373 fectum.
480 335 713 374 Perfectum
727 336 900 375 officium
918 343 1089 386 rectum,
1105 341 1258 387 opinor,
1271 353 1472 388 vocemus,

281 394 470 438 quoniam
506 391 651 430 Graeci
691 391 930 440 κατόρθωμα,
968 393 1046 432 hoc
1083 399 1222 434 autem
1259 409 1472 435 commune

280 448 452 485 officium
474 447 644 495 καθῆκον
657 442 834 487 vocant.l
880 449 1018 497 Atque
1039 463 1087 488 ea
1106 454 1162 489 sic
1181 451 1395 500 definiunt,
1411 458 1471 500 ut,

279 509 437 542 rectum
452 503 560 551 quod
580 506 645 551 sit,
660 504 702 542 id
718 505 890 543 officium
909 505 1137 553 perfectum
1152 520 1240 546 esse
1254 507 1472 555 definiant3

279 560 460 598 medium
479 565 617 598 autem
637 560 809 598 officium
828 561 871 599 id
891 575 978 600 esse
998 562 1154 610 dicunt,
1180 563 1289 611 quod
1315 577 1386 602 cur
1411 564 1469 602 fa-

281 622 392 654 ctum
412 619 477 663 sit,
497 619 600 654 ratio
620 617 837 663 probabilis
857 617 974 656 reddi
994 622 1130 665 possit.

335 672 500 720 Triplex
534 675 660 718 igitur
693 678 768 719 est,
798 678 845 711 ut
886 674 1077 712 Panaetio
1106 675 1279 723 videtur,
1314 676 1469 714 consilii

280 728 467 776 capiendi
486 728 736 767 deliberatio.
779 730 884 767 Nam
903 735 974 768 aut
994 730 1265 770 honestumne
1285 731 1395 770 factu
1416 735 1470 771 sit

280 799 332 823 an
352 790 472 832 turpe
492 785 683 823 dubitant
708 784 764 832 id,
786 786 895 832 quod
918 789 960 823 in
980 786 1318 826 deliberationem
1338 787 1468 835 cadit3

279 845 320 879 in
337 854 416 888 quo
432 840 723 879 considerando
739 854 858 889 saepe
874 845 997 880 animi
1009 845 1051 880 in
1071 846 1288 882 contrarias
1303 849 1468 882 senten-

278 901 354 936 tias
369 897 659 935 distrahuntur.
679 897 783 935 Tum
797 903 936 936 autem
948 903 1019 936 aut
1030 891 1274 946 anquirunt²
1285 905 1357 938 aut
1372 913 1467 938 con-

277 954 444 1000 sultant,
459 953 512 991 ad
531 956 638 991 vitae
654 954 986 992 commoditatem
1004 955 1393 1003 iucunditatemque,
1413 956 1465 995 ad

277 1009 492 1048 facultates
511 1022 646 1047 rerum
665 1014 788 1056 atque
804 1013 950 1058 copias,
966 1010 1017 1048 ad
1032 1024 1142 1058 opes,
1157 1011 1209 1050 ad
1223 1014 1463 1060 potentiam,

278 1067 422 1114 quibus
438 1070 482 1104 et
496 1078 539 1103 se
554 1068 710 1112 possint
723 1068 858 1104 iuvare
875 1072 918 1104 et
933 1079 1037 1114 suos,
1051 1067 1251 1106 conducat
1263 1067 1304 1105 id
1317 1081 1462 1116 necne,

277 1123 329 1160 de
342 1135 422 1169 quo
435 1121 664 1160 deliberant
675 1134 684 1166 ;
701 1135 803 1168 quae
816 1122 1056 1161 deliberatio
1068 1126 1198 1162 omnis
1209 1126 1252 1161 in
1264 1127 1463 1162 rationem

276 1178 465 1216 utilitatis
491 1177 608 1215 cadit.
670 1177 854 1216 Tertium
879 1179 1093 1217 dubitandi
1118 1192 1248 1226 genus
1272 1184 1347 1226 est,
1372 1192 1464 1218 cum

276 1246 458 1282 pugnare
478 1233 640 1271 videtur
660 1246 752 1271 cum
778 1233 950 1272 honesto
974 1234 1029 1282 id,
1057 1234 1166 1282 quod
1191 1235 1353 1274 videtur
1376 1249 1463 1274 esse

278 1290 399 1335 utile;
419 1302 512 1327 cum
528 1292 637 1327 enim
653 1289 806 1327 utilitas
821 1290 873 1328 ad
889 1303 932 1328 se
949 1303 1103 1338 rapere,
1119 1291 1309 1330 honestas
1325 1296 1464 1330 contra

276 1358 463 1385 revocare
490 1345 542 1383 ad
569 1358 612 1383 se
640 1345 814 1392 videtur,
835 1345 881 1383 fit
900 1351 948 1384 ut
978 1346 1226 1385 distrahatur
1244 1350 1287 1385 in
1306 1347 1462 1386 delibe-

277 1402 402 1441 rando
427 1404 584 1439 animus
604 1401 825 1448 afferatque
846 1405 1066 1449 ancipitem
1086 1416 1222 1441 euram
1243 1403 1459 1450 cogitandi.

332 1459 424 1496 Hac
454 1457 663 1503 divisione,
691 1470 782 1495 cum
816 1461 1036 1505 praeterire
1062 1458 1214 1506 aliquid
1243 1461 1462 1497 maximum

274 1517 418 1553 vitium
437 1516 481 1551 in
500 1513 720 1552 dividendo
740 1516 805 1560 sit,
827 1513 907 1552 duo
936 1517 1218 1561 praetermissa
1240 1520 1355 1561 sunt;
1385 1528 1461 1554 nec

324 1571 497 1613 ¹officium
524 1570 663 1608 καθῆκον
695 1573 824 1602 vocant
854 1570 1000 1609 Pearce,
1031 1571 1113 1610 Ed.‚
1141 1571 1281 1611 Heine;
1307 1571 1461 1614 officium

280 1618 409 1648 vocant
424 1614 543 1651 MSS.,
564 1614 619 1645 Bt.
675 1611 899 1655 2ιιφιᾳιιὶνιιηιέ
911 1614 944 1646 A
962 1614 989 1646 B
1009 1614 1042 1646 H
1061 1614 1106 1653 b;
1124 1615 1320 1657 inquirunt
1333 1626 1356 1648 a
1369 1626 1399 1648 c.

319 1672 336 1690 ἃ
348 1667 508 1700 Cicero’s
524 1667 702 1698 technical
718 1671 829 1698 terms
844 1677 909 1699 are
926 1667 1071 1699 difficult
1088 1667 1244 1700 because
1267 1669 1311 1700 he
1335 1669 1403 1700 has
1426 1672 1464 1700 to

277 1713 399 1745 invent
415 1711 512 1743 thern
530 1714 567 1743 to
583 1711 760 1742 translate
778 1710 899 1742 Greek
917 1710 996 1742 that
1014 1711 1043 1742 is
1060 1710 1236 1754 perfeetly
1252 1712 1394 1755 simple:

319 1758 452 1788 rectum
475 1755 505 1787 is
531 1754 676 1796 ‘right,’
694 1754 750 1786 i.e.
770 1754 919 1796 perfect,
938 1754 1114 1787 absolute.
1165 1755 1218 1788 Its
1241 1756 1409 1798 opposite
1432 1757 1462 1790 is

275 1800 446 1837 medium,
461 1800 469 1816 ‘
481 1798 611 1838 mean,’
622 1798 680 1830 i.e.
695 1798 956 1837 intermediate,
970 1798 1098 1841 falling·
1107 1799 1209 1831 short
1218 1799 1259 1832 of
1265 1800 1326 1832 the
1340 1800 1464 1834 ‘abso-

275 1846 347 1876 lute
359 1844 367 1860 '
380 1843 453 1875 and
464 1842 669 1885 oecupying
680 1852 703 1874 a
717 1842 848 1874 middle
860 1843 1003 1884 ground
1017 1855 1025 1881 ς
1042 1853 1208 1875 common
1222 1855 1230 1882 ;
1247 1843 1430 1888 ordinary.

318 1888 392 1920 hon⁴
407 1890 502 1919 stum
515 1887 545 1918 is
560 1888 568 1904 ‘
582 1887 733 1929 morally
746 1886 843 1928 right
857 1887 878 1925 ’;
894 1897 938 1918 as
954 1897 976 1918 a
989 1897 1095 1925 noun,
1114 1889 1122 1904 ‘
1134 1888 1249 1919 moral
1260 1888 1462 1929 goodness'

274 1931 320 1973 (=
338 1931 515 1971 honestas)
529 1943 537 1969 3
559 1931 605 1962 its
621 1930 787 1973 opposite
800 1931 830 1962 is
843 1933 957 1973 turpe,
971 1931 1138 1973 ‘morally
1151 1931 1308 1974 wrong.'

318 1975 482 2007 honestas
505 1975 535 2006 is
561 1976 570 1991 ‘
585 1975 698 2006 moral
720 1974 979 2013 rectitude,'-‘
993 1976 1106 2007 moral
1123 1975 1340 2017 goodness’:
1369 1977 1460 2009 ‘mo-

273 2020 381 2061 rality
392 2019 415 2056 ’ς
440 2019 486 2051 its
497 2018 660 2061 opposite
672 2019 867 2060 turpitudo,
882 2020 890 2035 ‘
903 2019 1017 2050 moral
1027 2019 1182 2061 wrong‚’
1196 2020 1205 2036 ‘
1217 2019 1459 2063 immorality.’

386 2075 434 2107 10
