1546 2294
572 115 773 155 CICERO
804 115 881 154 DE
910 116 1147 157 OFFICIIS

278 197 356 234 iste
376 201 573 243 versetur,
593 198 677 235 sive
696 199 756 235 vir
776 197 905 236 bonus
931 202 996 237 est
1020 200 1067 245 is,
1087 201 1157 246 qui
1183 199 1362 247 prodest,
1382 203 1471 248 qui-

279 268 354 306 bus
374 272 525 316 potest,
540 273 663 308 nocet
682 271 850 317 nemini,
866 261 994 308 certe¹
1013 263 1154 309 istum²
1173 273 1303 310 virum
1321 271 1471 311 bonum

282 354 364 379 non
384 340 503 380 facile
523 344 758 389 reperimus.

339 414 572 462 Numquam
601 418 727 463 igitur
755 420 820 455 est
847 416 950 455 utile
979 430 1161 465 peccare,
1191 420 1285 464 quia
1315 431 1475 466 semper

284 492 347 526 est
361 492 494 535 turpe,
511 493 568 536 et,
584 491 678 535 quia
693 502 853 536 semper
868 495 931 528 est
946 489 1164 528 honestum
1179 492 1308 529 virum
1323 491 1474 530 bonum

285 573 386 608 esse,
406 573 567 608 semper
587 566 650 600 est
669 561 781 600 utile.

203 630 254 670 65
341 632 452 671 XVI.
483 633 545 671 Ac
558 633 610 672 de
623 635 710 672 iure
723 633 888 681 quidem
900 634 1156 682 praediorum
1168 641 1353 674 sanctum
1367 636 1475 684 apud

286 718 359 744 nos
379 711 442 744 est
461 708 548 745 iure
572 706 692 754 civili,
712 711 760 746 ut
782 709 826 745 in
849 709 898 745 iis
920 707 1147 747 vendendis
1171 710 1269 746 vitia
1292 708 1475 748 diceren-

288 782 366 825 tur,
387 792 491 826 quae
510 784 609 818 nota
628 784 766 819 essent
785 780 998 819 venditori.
1058 781 1177 828 Nam,
1198 794 1290 819 cum
1309 794 1359 820 ex
1379 781 1478 820 duo-

288 850 421 889 decim
451 851 600 891 tabulis
631 855 728 891 satis
759 858 869 892 esset
898 866 947 892 ea
974 856 1183 901 praestari,
1207 866 1311 901 quae
1341 859 1479 893 essent

287 922 425 970 lingua
459 929 706 972 nuncupata,
739 938 842 972 quae
875 927 945 973 qui
978 925 1174 964 infitiatus
1207 930 1330 973 esset,
1363 925 1478 974 dupli

288 1008 460 1043 poenam
489 997 656 1045 subiret,
686 1011 710 1036 a
737 1000 834 1037 iuris
863 998 1057 1038 consultis
1086 1001 1210 1037 etiam
1238 1001 1478 1038 reticentiae

288 1082 419 1116 poena
440 1075 503 1108 est
518 1073 760 1117 constituta3
781 1071 973 1118 quicquid
989 1073 1099 1110 enim
1115 1063 1240 1110 esset³
1254 1073 1298 1109 in
1311 1071 1477 1118 praedio

289 1144 390 1189 vitii,
410 1142 452 1180 id
481 1147 727 1191 statuerunt,
747 1146 781 1182 si
810 1143 999 1183 venditor
1026 1145 1162 1192 sciret,
1189 1146 1266 1182 nisi
1295 1146 1477 1182 nomina-

207 1211 261 1253 66
291 1217 365 1252 tim
394 1214 550 1254 dictum
580 1221 701 1263 esset,
729 1219 924 1263 praestari
953 1222 1152 1264 oportere.
1213 1216 1285 1263 Ut,
1315 1230 1407 1255 cum
1436 1219 1479 1256 in

290 1300 381 1325 arce
410 1290 624 1334 augurium
652 1302 826 1336 augures
855 1291 985 1328 acturi
1018 1294 1157 1328 essent
1189 1291 1480 1337 iussissentque

291 1353 371 1398 Ti.4
406 1360 619 1399 Claudium
658 1361 957 1410 Centumalum,
997 1364 1066 1410 qui
1103 1361 1227 1401 aedes
1264 1364 1307 1400 in
1347 1362 1483 1401 Caelio

293 1438 433 1472 monte
453 1433 644 1482 habebat,
665 1434 851 1473 demoliri
871 1448 932 1482 ea,
953 1448 1124 1482 quorum
1150 1434 1325 1473 altitudo
1351 1435 1482 1475 office-

291 1511 355 1544 ret
369 1508 570 1554 auspiciis,
586 1506 777 1546 Claudius
791 1510 1026 1555 proscripsit
1039 1507 1212 1546 insulam
1229 1498 1482 1555 [vendidit],⁵

293 1581 394 1616 emit
424 1578 464 1616 P.
498 1578 737 1626 Calpurnius
768 1579 973 1619 Lanarius.
1035 1580 1145 1618 Huic
1178 1580 1230 1618 ab
1262 1580 1480 1627 auguribus

293 1650 393 1688 illud
409 1650 519 1689 idem
535 1651 822 1693 denuntiatum
838 1657 912 1691 est.
974 1652 1117 1700 Itaque
1135 1652 1373 1700 Calpurnius
1389 1666 1480 1691 cum

294 1718 511 1757 demolitus
532 1724 641 1758 esset
660 1724 956 1767 cognossetque
978 1719 1190 1758 Claudium
1204 1719 1326 1758 aedes
1341 1724 1483 1767 postea

295 1790 586 1834 proscripsisse,
625 1801 745 1834 quam
786 1794 894 1826 esset
941 1788 993 1826 ab
1040 1788 1259 1835 auguribus
1296 1787 1481 1826 demoliri

340 1865 346 1883 ¹
361 1870 449 1899 certe
467 1867 608 1905 Lamb„
629 1867 739 1906 Edd.;
758 1870 845 1900 recte
862 1868 966 1901 MSS.

338 1908 351 1929 ²
365 1910 474 1942 istum
491 1921 514 1952 p
530 1921 560 1949 c,
582 1910 691 1950 Edd,;
709 1912 844 1943 iustum
863 1912 890 1943 B
910 1911 943 1943 H
961 1923 984 1944 a
1001 1911 1034 1946 b.

338 1952 452 1986 ³esset
466 1965 488 1995 p
505 1965 536 1993 e,
557 1954 666 1993 Edd.;
684 1958 736 1987 est
752 1955 779 1987 B
800 1956 831 1987 Η
851 1967 873 1987 a
891 1956 924 1987 b.

339 1996 351 2015 ⁴
368 1997 419 2029 Ti.
442 1998 580 2039 Lange,
603 1999 711 2037 Edd.;
725 1999 833 2031 titum
853 1999 955 2031 MSS.

337 2040 349 2059 ⁶
364 2042 528 2073 vendidit
545 2042 571 2073 B
592 2042 624 2074 H
643 2053 666 2075 a
682 2042 706 2075 b
720 2054 729 2081 ς
745 2046 781 2075 et
794 2043 959 2076 vendidit
974 2054 997 2085 p
1013 2054 1060 2082 ας
1078 2044 1170 2076 Edd.
1186 2045 1284 2078 omit.

403 2105 481 2138 334
