1546 2294
54 907 76 944 ί,
87 913 170 941 ²⁰·⁴¹

230 991 282 1026 44

602 104 803 145 CICERO
834 106 910 144 DE
940 107 1177 148 OFFICIIS

309 184 414 223 Vera
432 185 560 232 gloria
578 186 734 226 radices
753 190 839 234 agit
853 193 976 236 atque
993 192 1116 228 etiam
1135 196 1392 239 propagatur,
1408 191 1501 230 ficta

309 261 445 296 omnia
464 258 654 298 celeriter
673 264 879 308 tamquam
894 260 1046 300 flosculi
1061 262 1271 311 decidunt,
1285 277 1362 302 nec
1381 266 1503 303 simu-

314 330 440 369 latum
460 336 597 379 potest
615 335 830 380 quicquam
851 347 939 373 esse
960 334 1204 374 diuturnum,
1247 336 1391 376 Testes
1411 342 1507 376 sunt

314 404 506 451 permulti
536 406 579 442 in
611 410 824 453 utramque
855 412 1027 454 partem,
1054 408 1126 446 sed
1152 408 1362 448 brevitatis
1388 423 1506 448 causa

312 476 463 515 familia
482 481 667 516 contenti
694 481 842 517 erimus
869 493 959 518 una.
1019 479 1078 518 Ti.
1101 484 1211 519 enim
1232 481 1437 520 Gracchus
1459 482 1501 520 P.

312 548 340 588 f.
362 554 447 587 tam
478 549 548 588 diu
572 549 815 599 laudabitur,
843 552 940 590 dum
970 556 1164 591 memoria
1189 567 1324 592 rerum
1361 555 1502 593 Roma-

310 635 453 660 narum
483 623 686 670 manebit3
726 629 769 662 at
798 627 884 663 eius
914 625 984 663 filii
1017 638 1094 664 nec
1123 628 1201 664 vivi
1231 627 1504 674 probabantur

310 695 426 733 bonis
446 700 490 734 et
509 699 658 734 mortui
678 710 893 735 numerum
913 701 1104 745 optinent
1122 701 1208 737 iure
1229 712 1446 738 caesorum.

369 767 488 806 XIII.
521 767 602 816 Qui
635 771 759 816 igitur
790 770 956 817 adipisci
988 784 1124 809 veram
1157 764 1348 818 gloriam¹
1383 772 1506 820 volet,

314 843 492 879 iustitiae
525 840 719 888 fungatur
750 843 897 881 officiis.
958 843 1017 881 Ea
1044 856 1147 890 quae
1175 849 1326 892 essent,
1351 844 1506 884 dictum

311 919 375 953 est
393 917 436 952 in
454 914 558 952 libro
577 918 794 963 superiore.

367 979 528 1033 (XIII.)
556 987 637 1026 Sed
662 993 709 1026 ut
736 971 940 1036 facillime,
964 989 1103 1037 quales
1126 992 1259 1037 simus,
1285 991 1388 1044 tales
1414 1005 1502 1030 esse

282 1059 534 1107 “svideamur,
554 1063 632 1098 etsi
651 1063 694 1098 in
715 1073 763 1099 eo
782 1063 870 1109 ipso
889 1063 948 1100 vis
967 1064 1140 1099 maxima
1160 1067 1236 1109 est,
1252 1067 1299 1100 ut
1317 1065 1376 1106 sin
1410 1076 1440 1102 is
1459 1067 1502 1112 ii,

229 1690 280 1725 45

312 1135 381 1179 qui
401 1132 541 1170 haberi
561 1132 743 1179 velimus,
764 1138 903 1171 tamen
923 1133 1121 1180 quaedam
1137 1139 1354 1182 praecepta
1369 1134 1502 1174 danda

312 1210 418 1243 sunt.
478 1204 584 1243 Nam
604 1207 637 1243 si
657 1208 745 1252 quis
768 1205 820 1243 ab
843 1207 1012 1243 ineunte
1036 1211 1172 1244 aetate
1195 1205 1321 1245 habet
1343 1220 1494 1245 causan

312 1276 560 1315 celebritatis
590 1281 634 1315 et
659 1279 833 1315 nominis
858 1282 930 1315 aut
956 1291 980 1315 a
1006 1282 1120 1324 patre
1147 1283 1370 1325 acceptam,
1397 1278 1505 1326 quod

313 1346 402 1392 tibi,
428 1348 485 1383 mi
512 1345 667 1392 Cicero,
693 1345 866 1383 arbitror
895 1348 1127 1392 contigisse,
1154 1351 1226 1384 aut
1251 1346 1385 1393 aliquo
1414 1359 1506 1384 casu

313 1419 436 1460 atque
471 1412 646 1459 fortuna,
682 1415 725 1450 in
758 1412 867 1451 hunc
901 1413 1006 1451 oculi
1037 1416 1218 1451 omnium
1252 1416 1506 1452 coniciuntur

312 1486 435 1528 atque
455 1483 498 1518 in
518 1494 624 1527 eum,
645 1480 743 1528 quid
762 1485 870 1528 agat,
890 1494 1012 1528 quem
1038 1480 1090 1519 ad
1110 1480 1275 1519 modum
1295 1484 1416 1528 vivat,
1442 1484 1503 1520 in-

311 1551 484 1597 quiritur
503 1554 559 1596 et,
580 1554 787 1596 tamquam
807 1551 850 1586 in
877 1549 1093 1586 clarissima
1112 1548 1203 1587 luce
1223 1554 1418 1596 versetur,
1445 1552 1502 1588 ita

311 1618 468 1656 nullum
500 1618 714 1667 obscurum
746 1622 882 1664 potest
912 1630 989 1654 nec
1015 1616 1171 1655 dictum
1197 1619 1284 1655 eius
1311 1630 1398 1656 esse
1424 1630 1501 1656 nec

311 1686 475 1724 factum.
535 1684 718 1732 Quorum
738 1690 876 1723 autem
892 1688 1020 1732 prima
1034 1689 1145 1722 aetas
1160 1690 1326 1732 propter
1340 1684 1502 1723 humili-

310 1759 440 1793 tatem
461 1758 505 1792 et
524 1754 814 1791 obscuritatem
842 1755 884 1790 in
912 1753 1121 1790 hominum
1143 1755 1397 1799 ignoratione
1416 1766 1502 1792 ver-

310 1828 433 1870 satur,
462 1813 530 1869 ii,²
557 1821 675 1860 simul
704 1834 750 1859 ac
779 1824 945 1859 iuvenes
975 1834 1062 1858 esse
1092 1826 1328 1867 coeperunt,
1356 1834 1502 1869 magna

309 1895 493 1939 spectare
515 1894 559 1929 et
578 1889 630 1927 ad
657 1903 705 1928 ea
732 1892 854 1927 rectis
880 1889 1024 1927 studiis
1050 1887 1206 1926 debent
1232 1888 1502 1935 contendere3

380 1988 523 2021 'veram
535 1989 690 2030 gloriam
709 1987 819 2026 Edd.;
836 1998 958 2020 veram
976 1986 1140 2018 iustitiae
1151 1986 1305 2028 gloriam
1324 1985 1429 2022 MSS.

376 2031 432 2065 ”ii
448 2033 489 2071 B,
509 2032 617 2070 Edd.;
634 2031 677 2063 ln·
694 2032 726 2064 H
744 2043 752 2070 ς
770 2032 818 2064 iis
833 2031 869 2069 b;
888 2029 991 2070 hiy'c3
1008 2030 1066 2063 luis
1080 2040 1115 2066 a,

417 2088 496 2125 212
