1520 2320
5 753 56 780 ch.
73 753 133 779 xxii
180 746 231 780 82

184 1342 236 1377 83

549 83 750 123 CICERO
781 84 858 122 DE
888 84 1125 124 OFFICIIS

257 167 521 211 constituere,
535 165 634 212 quid
653 165 838 204 accidere
852 169 980 213 possit
992 169 1035 204 in
1050 172 1265 214 utramque
1280 173 1453 216 partem,

259 233 302 267 et
331 229 430 275 quid
458 229 664 276 agendum
694 232 760 277 sit,
781 243 873 268 cum
901 230 998 278 quid
1025 234 1222 278 evenerit,
1241 245 1318 270 nec
1345 245 1452 270 com-

258 296 437 339 mittere,
450 298 497 331 ut
516 293 733 340 aliquando
753 293 974 332 dicendum
989 297 1062 332 sit:
1083 284 1211 332 “Non
1226 295 1451 342 putaram.”

315 357 432 394 Haec
453 362 549 395 sunt
575 371 697 404 opera
716 361 854 404 magni
878 361 1003 396 animi
1030 363 1075 397 et
1101 359 1253 397 excelsi
1285 364 1328 398 et
1358 373 1453 407 pru-

259 420 399 458 dentia
431 421 679 468 consilioque
714 421 898 467 fidentis;
939 427 1096 461 temere
1127 428 1267 461 autem
1297 426 1341 461 in
1367 427 1454 462 acie

260 487 407 522 versari
429 490 472 523 et
498 499 621 523 manu
641 499 734 523 cum
760 486 878 524 hoste
899 486 1115 533 confligere
1141 490 1316 525 immane
1337 487 1453 534 quid-

259 548 353 586 dam
369 554 412 587 et
432 549 642 587 beluarum
657 550 787 587 simile
805 555 887 596 est3
908 550 979 588 sed
995 564 1087 588 cum
1101 556 1263 599 tempus
1278 554 1453 590 necessi-

259 618 403 660 tasque
442 613 634 660 postulat,
669 614 964 651 decertandum
1003 628 1124 652 manu
1163 620 1227 653 est
1264 620 1309 654 et
1346 628 1454 654 mors

263 680 449 715 servituti
468 678 795 725 turpitudinique
816 679 1114 725 anteponenda.

319 741 468 779 XXIV.
489 741 552 780 De
566 742 798 780 evertendis
810 747 947 780 autem
961 743 1278 791 diripiendisque
1291 744 1457 783 urbibus

262 806 379 844 valde
396 807 732 844 considerandum
751 813 814 845 est
829 821 881 845 ne
895 808 993 855 quid
1008 813 1177 855 temere,
1191 822 1244 847 ne
1257 809 1355 856 quid
1370 822 1458 847 cru-

263 870 421 909 deliter.
483 871 612 918 quue
634 877 697 909 est
724 875 861 918 magni
882 874 967 919 viri,
989 873 1110 910 rebus
1130 875 1294 920 agitatis
1313 876 1457 920 punire

264 940 413 982 sontes,
445 935 754 973 multitudinem
789 949 1039 983 conservare,
1074 939 1117 974 in
1151 940 1260 975 omni
1295 937 1456 975 fortuna

265 1005 374 1037 recta
394 1004 517 1046 atque
545 999 717 1038 honesta
737 1003 927 1038 retinere.
990 1000 1048 1039 Ut
1072 1003 1182 1039 enim
1205 1006 1313 1048 sunt,
1334 1015 1455 1048 quem

264 1067 315 1104 ad
346 1068 512 1105 modum
546 1081 665 1114 supra
696 1067 792 1114 dixi,
828 1071 898 1114 qui
936 1068 1099 1106 urbanis
1132 1069 1253 1107 rebus
1290 1069 1455 1108 bellicas

264 1140 530 1182 anteponant,
552 1138 607 1173 sic
627 1138 803 1182 reperias
823 1135 986 1182 multos,
1007 1136 1151 1182 quibus
1170 1137 1395 1184 periculosa
1413 1141 1457 1175 et

265 1194 419 1240 calida¹
439 1203 605 1240 consilia
633 1206 781 1249 quietis
808 1208 852 1241 et
878 1198 1089 1250 cogitatis2
1115 1204 1390 1251 splendidiora
1415 1210 1459 1244 et

265 1274 415 1309 maiora
434 1271 658 1309 videantur.

323 1339 542 1385 Nunquam
558 1341 722 1376 omnino
738 1339 905 1385 periculi
921 1338 1017 1386 fuga
1032 1340 1370 1379 committendum
1385 1346 1462 1385 est,

266 1412 314 1445 ut
333 1406 518 1444 imbelles
539 1407 753 1453 timidique
774 1407 994 1454 videamur,
1011 1407 1083 1445 sed
1103 1407 1343 1454 fugiendum
1358 1409 1460 1447 illud

267 1478 404 1522 etiam,
420 1487 474 1512 ne
494 1474 705 1512 offeramus
725 1488 798 1512 nos
817 1475 1005 1522 periculis
1020 1478 1106 1514 sine
1126 1489 1256 1523 causa,
1272 1490 1352 1524 quo
1372 1490 1459 1516 esse

268 1542 370 1579 nihil
391 1546 527 1589 potest
554 1542 728 1579 stultius.
790 1541 1049 1589 Quapropter
1067 1546 1110 1580 in
1129 1543 1326 1582 adeundis
1352 1547 1458 1592 peri-

267 1610 367 1648 culis
387 1610 638 1648 consuetudo
658 1610 853 1648 imitanda
868 1610 1116 1649 medicorum
1136 1617 1211 1658 est,
1227 1615 1296 1659 qui
1315 1612 1460 1652 leviter

268 1682 528 1724 aegrotantes
548 1677 698 1715 leniter
717 1682 873 1724 curant,
888 1679 1136 1724 gravioribus
1155 1684 1293 1718 autem
1311 1681 1460 1719 morbis

269 1745 512 1793 periculosas
542 1748 770 1782 curationes
797 1750 840 1782 et
866 1748 1064 1792 ancipites
1090 1746 1284 1786 adhibere
1311 1761 1462 1796 cogun-

269 1818 346 1852 tur.
419 1812 555 1860 Quare
595 1814 638 1849 in
669 1812 888 1859 tranquillo
925 1817 1215 1860 tempestatem
1253 1813 1462 1854 adversam

319 1909 458 1945 ‘calida
475 1910 628 1949 Nonius,
648 1910 759 1948 Edd.;
782 1910 915 1942 callida
933 1910 1037 1944 MSS.

320 1956 493 1988 ²consilia
516 1955 648 1996 quietis
669 1958 706 1986 et
726 1954 890 1996 cogitatis
914 1954 1024 1992 Edd.;
1048 1954 1197 1987 consilia
1219 1958 1255 1988 et
1275 1956 1407 1999 quietis
1424 1960 1460 1990 et

271 1999 496 2043 cogitationis
507 1999 540 2030 A
555 1998 582 2030 B
597 1998 631 2030 H
649 2008 673 2030 a
689 1997 728 2036 bg
750 1998 900 2030 consilia
911 2001 948 2031 et
957 1999 1090 2041 quietis
1101 2000 1372 2042 cogitationibus
1382 2011 1402 2034 c
1416 2011 1454 2044 p.

379 2054 432 2090 82
