1520 2320
194 321 245 362 36

195 1113 246 1151 37

566 103 766 142 CICERO
797 102 873 140 DE
903 102 1140 142 OFFICIIS

273 187 457 224 civitates
476 189 548 223 aut
566 188 753 223 nationes
768 184 948 223 devictas
968 185 1076 223 bello
1091 187 1134 223 in
1149 184 1272 223 fidem
1291 186 1465 232 recepis-

274 259 379 301 sent,
400 267 539 292 earum
558 255 718 300 patroni
740 257 878 291 essent
897 266 1008 290 more
1028 255 1234 291 maiorum.

331 322 392 360 Ac
412 322 510 360 belli
530 321 697 369 quidem
717 323 899 368 aequitas
915 323 1167 359 sanctissime
1183 320 1313 359 fetiali
1327 320 1467 369 populi

278 392 447 429 Romani
466 393 553 428 iure
572 393 796 437 perscripta
817 394 890 427 est.
951 389 1011 426 Ex
1033 401 1112 436 quo
1128 388 1319 436 intellegi
1329 393 1469 440 potest

275 459 433 498 nullum
452 458 607 497 bellum
627 471 714 496 esse
730 460 894 504 iustum,
910 459 988 495 nisi
1003 456 1113 504 quod
1127 461 1199 496 aut
1212 457 1335 495 rebus
1349 469 1467 504 repe-

274 531 361 566 titis
387 531 553 574 geratur
579 531 650 564 aut
677 526 965 564 denuntiatum
991 530 1089 563 ante
1116 527 1170 564 sit
1190 529 1234 563 et
1251 524 1463 563 indictum.

274 584 471 639 [Popilius
508 594 729 638 imperator
767 590 938 628 tenebat
975 591 1237 637 provinciam,
1271 592 1315 627 in
1349 591 1466 627 cuius

277 659 457 694 exercitu
488 655 650 693 Catonis
682 654 785 691 filius
817 656 895 691 tiro
926 653 1138 692 militabat.
1199 653 1301 691 Cum
1329 657 1467 691 autem

278 720 432 768 Popilio
451 719 658 758 videretur
686 732 807 756 unam
831 718 1040 756 dimittere
1063 717 1283 765 legionem,
1305 717 1468 756 Catonis

278 798 438 833 quoque
452 784 591 831 filium,
605 786 674 831 qui
687 786 729 820 in
743 783 887 821 eadem
898 782 1062 829 legione
1074 782 1289 829 militabat,
1302 781 1465 820 dimisit.

279 850 360 889 Sed
389 863 482 887 cum
509 861 645 886 amore
675 847 885 895 pugnandi
914 850 957 885 in
986 850 1168 885 exercitu
1197 849 1469 893 remansisset,

278 916 377 954 Cato
410 914 462 952 ad
498 913 698 961 Popilium
731 915 903 959 scripsit,
934 917 994 959 ut,
1026 914 1060 950 si
1094 925 1190 950 eum
1223 902 1395 959 patitur²
1424 913 1468 949 in

277 982 459 1018 exercitu
491 990 717 1023 remanere,
752 976 932 1015 secundo
971 989 1065 1014 eum
1103 975 1260 1022 obliget
1297 975 1467 1014 militiae
1510 987 1514 990 ·

277 1048 541 1090 sacramento,
574 1045 667 1089 quia
698 1043 829 1089 priore
860 1043 1005 1078 amisso
1039 1043 1125 1078 iure
1159 1053 1252 1078 cum
1285 1039 1468 1078 hostibus

277 1121 459 1157 pugnare
480 1120 562 1145 non
582 1111 753 1154 poterat.
814 1104 931 1143 Adeo
952 1118 1108 1143 summa
1128 1109 1216 1142 erat
1241 1104 1468 1142 observatio

277 1177 320 1211 in
350 1172 458 1211 bello
487 1161 743 1216 movendo.]¹
802 1169 858 1208 Μ.
887 1169 1054 1217 quidem
1081 1169 1244 1207 Catonis
1271 1171 1378 1207 senis
1405 1173 1469 1207 est

278 1236 452 1285 epistula
471 1235 522 1274 ad
544 1235 600 1273 M.
623 1235 763 1281 filium,
783 1236 826 1271 in
846 1246 925 1280 qua
951 1233 1092 1271 scribit
1119 1245 1162 1271 se
1188 1232 1348 1271 audisse
1375 1245 1470 1271 eum

278 1305 445 1340 missum
474 1300 627 1338 factum
658 1311 745 1336 esse
775 1311 798 1335 a
827 1297 1006 1344 consule,
1035 1310 1128 1335 cum
1157 1299 1200 1334 in
1230 1296 1472 1335 Macedonia

278 1366 387 1405 bello
409 1365 568 1404 Persico
587 1363 704 1401 miles
732 1367 850 1400 esset.
913 1361 1059 1399 Monet
1084 1363 1222 1408 igitur,
1242 1365 1291 1399 ut
1317 1365 1470 1408 caveat,

279 1444 331 1469 ne
359 1429 559 1478 proelium
586 1431 718 1472 ineat3
748 1431 875 1474 negat
903 1428 1012 1464 enim
1039 1428 1100 1464 ius
1129 1437 1231 1472 esse,
1259 1427 1330 1472 qui
1355 1424 1473 1464 miles

279 1509 362 1534 non
382 1498 447 1542 sit,
468 1507 560 1532 cum
579 1493 698 1530 hoste
718 1504 911 1539 pugnare.

334 1559 430 1598 XII.
464 1557 666 1605 Equidem
687 1559 811 1594 etiam
831 1555 932 1593 illud
951 1554 1243 1602 animadverto,
1264 1553 1385 1602 quod,
1401 1556 1471 1602 qui

278 1626 440 1672 proprio
468 1625 633 1660 nomine
663 1620 884 1668 perduellis
905 1625 1025 1666 esset,
1046 1622 1079 1657 is
1099 1619 1226 1657 hostis
1246 1623 1470 1666 vocaretur,

279 1689 451 1727 lenitate
467 1687 580 1725 verbi
600 1688 659 1723 rei
679 1687 886 1723 tristitiam
903 1687 1141 1730 mitigatam.
1202 1683 1345 1721 Hostis
1361 1685 1470 1720 enim

279 1753 388 1801 apud
408 1755 578 1790 maiores
598 1755 756 1788 nostros
775 1752 808 1787 is
828 1749 1052 1796 dicebatur,
1073 1761 1195 1795 quem
1219 1761 1328 1786 nune
1355 1760 1471 1795 pere-

316 1862 489 1905 Popilius
498 1885 506 1892 .
522 1885 529 1892 .
545 1884 552 1892 .
567 1859 735 1892 movendo
744 1857 943 1890 bracketed
955 1856 1003 1900 by
1015 1856 1179 1899 Madvig,
1192 1855 1283 1888 Edd.
1293 1867 1301 1894 3
1312 1855 1475 1898 Popilius

283 1931 290 1939 .
312 1931 319 1939 .
341 1931 349 1940 .
364 1908 507 1948 poterat
521 1903 720 1936 bracketed
737 1902 784 1945 by
803 1903 941 1943 Unger.

316 1950 482 1993 ²patitur
495 1948 527 1980 A
546 1948 573 1980 Β
594 1948 626 1980 H
646 1958 668 1979 a
686 1946 728 1985 b;
746 1946 920 1989 patiatur
933 1956 963 1977 c.

518 2042 534 2058 ¹²
547 2036 676 2068 Lucius
693 2035 866 2067 Aemilius
884 2035 1014 2066 Paulus
1031 2032 1119 2075 (B.c.
1144 2031 1230 2075 168).

392 2094 442 2128 38
