1546 2294
208 154 261 196 29

204 674 255 708 30

210 1451 254 1485 31

587 60 788 101 CICERO
819 61 896 100 DE
926 61 1163 103 OFFICIIS

347 152 530 191 Forsitan
558 155 756 200 quispiam
783 152 953 192 dixerit:
987 153 1134 192 Nonne
1163 156 1290 201 igitur
1310 158 1486 204 sapiens,

291 219 323 256 si
350 217 457 256 fame
477 220 563 265 ipse
584 217 831 264 conficiatur,
852 217 1070 256 abstulerit
1097 219 1235 257 eibum
1261 219 1380 260 alteri
1412 220 1484 259 ho-

290 284 389 320 mini
410 282 462 320 ad
481 281 636 320 nullam
655 295 742 320 rem
763 282 879 320 utili?
923 273 1114 329 [Minime
1135 297 1252 331 vero;
1271 297 1355 323 non
1377 287 1486 324 enim

290 346 390 384 mihi
418 351 481 384 est
504 349 587 385 vita
613 359 705 385 mea
732 346 869 385 utilior
896 360 1016 394 quam
1043 350 1167 385 animi
1194 348 1287 387 talis
1313 348 1487 397 affectio,

290 413 499 449 neminem
514 415 561 449 ut
575 410 723 449 violem
739 411 940 449 commodi
955 414 1036 449 mei
1051 403 1214 459 gratia]
1225 404 1238 429 ¹
1288 412 1425 461 Quid?
1453 417 1487 452 si

292 475 507 523 Phalarim,
520 475 727 514 crudelem
740 481 959 523 tyrannum
975 481 1019 514 et
1034 479 1267 525 immanem,
1276 478 1487 526 virbonus,

288 553 341 579 ne
372 542 459 588 ipse
494 540 644 587 frigore
677 540 926 587 conficiatur,
954 544 1106 580 vestitu
1139 541 1311 590 spoliare
1345 545 1486 590 possit,

289 618 426 643 nonne
447 604 594 643 faeiat?

342 671 458 708 Haec
497 670 547 708 ad
591 669 853 708 iudicandum
892 675 988 708 sunt
1025 669 1227 709 facillima.
1287 671 1407 719 Nam,
1447 674 1481 711 si

285 734 383 783 quid
417 735 467 772 ab
501 734 666 772 homine
699 734 751 772 ad
786 734 940 772 nullam
973 740 1132 782 partem
1163 735 1255 774 utili
1289 735 1479 775 utilitatis

287 805 383 838 tuae
415 812 533 837 causa
564 799 802 846 detraxeris,
828 799 1050 838 inhumane
1082 799 1227 839 feceris
1258 806 1481 850 contraque

286 870 455 903 naturae
494 864 650 910 legem3
692 866 755 902 sin
787 869 927 902 autem
961 867 994 902 is
1029 869 1075 903 tu
1107 867 1173 911 sis,
1206 868 1275 913 qui
1309 866 1482 905 multam

287 929 510 968 utilitatem
525 932 583 967 rei
604 929 790 976 publicae
804 934 929 976 atque
944 929 1155 967 hominum
1171 933 1370 978 societati,
1386 933 1419 970 si
1439 933 1482 970 in

288 997 371 1032 vita
390 1007 612 1041 remaneas,
632 993 774 1032 afferre
794 996 934 1041 possis,
954 996 987 1032 si
1007 993 1106 1042 quid
1132 994 1184 1032 ob
1211 1007 1301 1032 eam
1321 1008 1480 1034 causam

287 1059 406 1098 alteri
450 1058 688 1105 detraxeris,
730 1071 813 1096 non
858 1060 912 1096 sit
956 1058 1353 1106 reprehendendum.
1407 1059 1479 1099 Sin

289 1129 427 1162 autem
454 1123 496 1162 id
522 1136 604 1161 non
625 1125 678 1161 sit
705 1125 791 1161 eius
810 1122 934 1169 modi,
956 1136 1074 1161 suum
1094 1125 1240 1171 cuique
1259 1126 1480 1162 incommo-

289 1188 387 1226 dum
407 1187 622 1226 ferendum
639 1192 702 1226 est
721 1190 855 1235 potius
871 1200 992 1234 quam
1008 1187 1060 1226 de
1076 1187 1242 1226 alterius
1262 1188 1483 1228 commodis

290 1251 603 1291 detrahendum.
644 1252 737 1289 Non
758 1254 882 1298 igitur
901 1254 1030 1299 magis
1050 1256 1114 1290 est
1134 1257 1276 1290 contra
1295 1257 1482 1292 naturam

291 1318 453 1355 morbus
468 1321 540 1355 aut
555 1321 715 1364 egestas
727 1321 799 1355 aut
810 1316 908 1364 quid
925 1319 1010 1355 eius
1026 1316 1136 1355 modi
1149 1330 1270 1364 quam
1282 1317 1484 1357 detractio

291 1387 414 1429 atque
435 1383 633 1429 appetitio
653 1380 788 1428 alieni,
809 1381 882 1419 sed
910 1384 1134 1419 communis
1155 1382 1345 1420 utilitatis
1365 1382 1482 1422 dere-

291 1446 404 1484 lictio
425 1450 565 1484 contra
585 1450 770 1483 naturam
791 1450 875 1491 est3
909 1451 973 1484 est
993 1448 1102 1484 enim
1123 1449 1282 1485 iniusta.
1337 1447 1482 1495 Itaque

290 1511 356 1549 lex
376 1514 461 1558 ipsa
481 1515 662 1557 naturae,
678 1523 781 1557 quae
797 1510 1020 1549 utilitatem
1039 1510 1250 1549 hominum
1270 1517 1481 1551 conservat

293 1580 336 1614 et
356 1578 554 1622 continet,
575 1574 772 1612 decernet
798 1574 995 1622 profecto,
1016 1579 1063 1613 ut
1088 1575 1139 1613 ab
1166 1574 1330 1614 homine
1358 1579 1480 1615 inerti

290 1645 413 1688 atque
447 1639 581 1677 inutili
619 1638 671 1677 ad
702 1641 943 1686 sapientem,
975 1640 1140 1687 bonum,
1172 1639 1320 1679 fortem
1351 1644 1480 1680 virum

290 1704 588 1743 transferantur
618 1716 682 1741 res
716 1703 768 1741 ad
802 1703 1020 1741 vivendum
1054 1707 1316 1752 necessariae,
1346 1708 1415 1752 qui
1449 1708 1482 1744 si

291 1768 499 1814 occiderit,
521 1767 695 1805 multum
723 1767 775 1806 de
802 1770 1006 1805 communi
1033 1768 1213 1807 utilitate
1245 1768 1483 1818 detraxerit,

291 1833 411 1871 modo
434 1832 510 1871 hoc
530 1835 586 1870 ita
607 1833 741 1880 faciat,
755 1837 801 1871 ut
820 1846 873 1871 ne
894 1836 979 1880 ipse
996 1833 1047 1871 de
1063 1846 1106 1871 se
1127 1833 1232 1872 bene
1249 1836 1484 1873 existimans

292 1911 460 1946 seseque
495 1897 669 1945 diligens
700 1897 805 1935 hanc
832 1910 991 1935 causam
1018 1897 1168 1936 habeat
1198 1898 1249 1937 ad
1282 1901 1478 1938 iniuriam.

589 2001 603 2022 ¹
615 2003 818 2036 Bracketed
835 2003 883 2046 by
904 2003 1042 2045 Unger,
1064 2002 1155 2037 Edd.

401 2055 480 2100 296
