1546 2294
220 475 266 517 10'

218 1135 261 1169 11

586 104 786 145 CICERO
818 104 894 145 DE
924 105 1160 147 OFFICIIS

292 199 316 226 a
338 188 532 227 Panaetio
552 194 785 236 susceptum
804 191 870 236 sit,
898 189 970 228 sed
990 189 1187 228 relictum.
1247 190 1353 229 Nam
1373 193 1442 238 qui
1461 202 1485 230 e

294 260 491 300 divisione
530 264 737 309 tripertita
784 261 884 300 duas
932 267 1068 310 partes
1114 263 1345 311 absolverit,
1392 263 1487 302 huic

297 347 464 373 necesse
497 339 561 373 est
591 339 743 373 restare
775 337 961 382 tertiam3
991 340 1203 383 praeterea
1232 339 1274 375 in
1305 341 1490 375 extremo

296 406 399 444 libro
422 409 543 445 tertio
563 406 615 445 de
636 406 710 444 hac
738 411 852 454 parte
874 407 1089 454 pollicetur
1112 421 1155 446 se
1183 407 1378 455 deinceps
1402 419 1491 446 esse

297 478 512 517 dicturum.
556 479 730 518 Accedit
745 479 890 518 eodem
911 483 1028 518 testis
1043 480 1223 528 locuples
1241 480 1490 526 Posidonius,

296 554 366 599 qui
396 554 520 590 etiam
554 552 695 591 scribit
723 555 766 590 in
795 552 969 600 quadam
1004 553 1178 601 epistula
1214 553 1254 593 P.
1294 552 1488 592 Rutilium

302 624 449 663 Rufum
488 625 624 663 dicere
659 625 802 672 solere,
837 628 906 672 qui
943 626 1180 664 Panaetium
1213 626 1410 673 audierat,
1444 629 1492 663 ut

299 711 420 737 nemo
440 701 572 745 pictor
592 703 701 737 esset
726 701 930 746 inventus,
952 701 1020 746 qui
1044 701 1088 737 in
1115 699 1196 737 Coa
1217 699 1376 738 Venere
1401 711 1488 736 eam

300 775 472 819 partem,
498 784 618 818 quam
644 770 811 818 Apelles
838 771 1069 809 inchoatam
1093 771 1337 819 reliquisset,
1363 769 1490 808 absol-

299 848 414 883 veret
433 835 530 889 (oris
551 846 660 882 enim
677 843 939 891 pulchritudo
953 844 1099 892 reliqui
1115 846 1290 892 corporis
1306 842 1491 882 imitandi

300 931 413 965 spem
443 908 685 964 auferebat),
711 919 766 954 sic
795 930 855 964 ea,
880 930 983 964 quae
1012 916 1228 973 Panaetius
1255 918 1492 964 praetermi-

300 993 418 1028 sisset
439 981 501 1036 [et
522 1003 603 1033 non
624 981 907 1037 perfecisset]l
924 995 1091 1037 propter
1111 1003 1264 1036 eorum,
1280 1002 1383 1037 quae
1399 1001 1490 1036 per-

299 1062 476 1109 fecisset,
498 1065 787 1109 praestantiam
809 1065 1015 1100 neminem
1036 1067 1305 1110 persecutum.

356 1129 431 1168 111.
465 1129 598 1177 Quam
618 1130 670 1167 ob
686 1143 771 1168 rem
787 1130 839 1168 de
856 1130 1004 1168 iudicio
1027 1129 1193 1168 Panaeti
1213 1129 1388 1168 dubitari
1404 1142 1484 1167 non

299 1203 456 1246 potest3
486 1203 653 1235 rectene
680 1203 817 1236 autem
846 1197 950 1235 hanc
974 1201 1138 1236 tertiam
1162 1202 1319 1246 partem
1342 1196 1394 1235 ad
1419 1210 1479 1235 ex·

297 1265 542 1314 quirendum
573 1265 744 1303 officium
769 1265 1002 1304 adiunxerit
1024 1279 1075 1303 an
1101 1279 1228 1312 secus,
1254 1265 1307 1304 de
1335 1278 1383 1303 eo
1410 1264 1488 1303 for-

297 1339 403 1373 tasse
430 1333 628 1380 disputari
655 1337 802 1380 potest.
864 1333 982 1380 Nam,
1003 1336 1086 1372 sive
1114 1332 1333 1372 honestum
1360 1332 1489 1371 solum

296 1402 448 1441 bonum
472 1406 548 1447 est,
573 1405 620 1439 ut
651 1401 796 1440 Stoicis
827 1401 975 1449 placet,
1005 1404 1102 1448 sive,
1133 1400 1242 1448 quod
1271 1393 1486 1439 honestum

295 1475 373 1517 est,
405 1469 447 1508 id
482 1471 540 1508 ita
569 1482 770 1508 summum
807 1470 957 1507 bonum
989 1474 1065 1517 est,
1096 1482 1218 1516 quem
1243 1468 1295 1507 ad
1321 1468 1486 1506 modum

298 1539 576 1585 Peripateticis
597 1540 739 1575 vestris
755 1537 928 1584 videtur,
945 1542 991 1576 ut
1006 1539 1140 1575 omnia
1160 1550 1209 1576 ex
1229 1536 1357 1574 altera
1369 1540 1484 1583 parte

293 1606 489 1644 collocata
509 1607 573 1642 vix
594 1607 750 1642 minimi
778 1607 974 1643 momenti
1001 1607 1128 1644 instar
1153 1604 1345 1651 habeant,
1365 1603 1482 1642 dubi-

294 1673 463 1713 tandum
496 1686 578 1710 non
606 1676 682 1719 est,
707 1674 805 1719 quin
830 1686 1050 1720 numquam
1070 1674 1196 1720 possit
1217 1671 1370 1710 utilitas
1390 1684 1480 1709 cum

292 1742 506 1780 honestate
529 1739 789 1779 contendere.
852 1740 995 1788 Itaque
1020 1743 1247 1788 accepimus
1274 1739 1481 1779 Socratem

290 1811 488 1850 exsecrari
509 1807 672 1846 solitum
693 1821 775 1855 eos,
788 1811 856 1856 qui
872 1811 1046 1856 primum
1062 1807 1163 1846 haec
1178 1812 1322 1846 natura
1337 1806 1481 1845 cohae-

290 1880 420 1917 rentia
445 1878 635 1923 opinione
660 1875 951 1915 distraxissent.
1012 1876 1084 1914 Cui
1112 1875 1278 1923 quidem
1302 1877 1359 1913 ita
1383 1878 1480 1914 sunt

288 1946 413 1986 Stoici
446 1946 610 1990 assensi,
645 1947 692 1981 ut
726 1948 782 1991 et,
817 1943 1008 1992 quicquid
1043 1943 1260 1981 honestum
1287 1947 1408 1989 esset,
1434 1939 1477 1980 id

331 2040 387 2075 'et
395 2051 464 2072 non
469 2038 674 2082 perfida-set
687 2037 808 2075 MSS.;
825 2035 893 2068 del.
910 2035 1091 2072 Muretus3
1107 2032 1306 2066 bracketed
1317 2032 1364 2076 by
1379 2031 1470 2066 Edd.

395 2095 475 2134 278
