1520 2320
218 787 264 825 71

210 1976 262 2014 72

594 106 794 146 CICERO
825 106 902 145 DE
931 107 1168 147 OFFICIIS

298 188 464 236 adipisci
484 188 526 226 id
546 201 662 235 posse
676 189 936 235 arbitrantur,
953 192 985 227 si
1001 202 1098 236 opes
1112 203 1279 236 magnas
1298 189 1490 238 habeant,

298 265 430 312 alteri,
465 267 497 303 si
532 267 716 303 contenti
750 267 833 303 sint
867 270 910 303 et
943 278 1015 303 suo
1053 270 1098 304 et
1134 279 1267 314 parvo.
1329 265 1379 305 In
1412 280 1492 314 quo

299 347 537 379 neutrorum
565 345 730 379 omnino
760 342 1061 380 contemnenda
1089 346 1295 382 sententia
1323 348 1399 391 est,
1419 343 1493 382 sed

300 420 344 452 et
363 414 517 452 facilior
537 419 581 452 et
600 417 726 452 tutior
747 419 790 453 et
809 417 942 453 minus
968 415 1055 453 aliis
1078 418 1210 462 gravis
1229 421 1302 454 aut
1320 416 1492 455 molesta

299 491 382 525 vita
394 492 457 525 est
472 490 703 534 otiosorum,
717 487 958 526 fructuosior
973 493 1111 526 autem
1126 488 1336 527 hominum
1351 492 1492 536 generi

300 566 342 598 et
361 560 414 599 ad
434 560 660 599 claritatem
679 561 1073 609 amplitudinemque
1096 564 1228 609 aptior
1251 575 1403 610 eorum,
1424 565 1492 611 qui

299 647 342 672 se
368 633 420 671 ad
446 646 533 672 rem
560 633 764 681 publicam
791 639 835 672 et
860 633 911 672 ad
935 647 1102 682 magnas
1121 648 1185 673 res
1203 635 1404 682 gerendas
1426 649 1491 674 ae-

299 706 666 745 commodaverunt.

357 783 615 831 Quapropter
641 788 685 822 et
711 786 759 822 iis
786 783 955 822 forsitan
983 785 1291 824 concedendum
1322 788 1376 824 sit
1405 799 1494 825 rem

300 857 503 904 publicam
528 869 611 894 non
638 858 954 904 capessentibus,
982 860 1050 904 qui
1083 858 1301 914 excellenti
1328 861 1494 906 ingenio

299 930 508 968 doctrinae
528 942 617 968 sese
638 929 898 976 dediderunt,
920 935 963 968 et
986 933 1046 977 iis,
1067 934 1136 978 qui
1159 936 1231 970 aut
1250 931 1494 971 valetudinis

299 1002 580 1040 imbecillitate
603 1007 675 1040 aut
698 1002 832 1049 aliqua
857 1005 1039 1049 graviore
1065 1016 1182 1041 causa
1201 1003 1388 1050 impediti
1407 1017 1430 1041 a
1447 1014 1483 1043 r(

299 1074 459 1121 publica
484 1079 752 1120 recesserunt,
780 1087 872 1112 cum
899 1077 984 1112 eius
1010 1075 1353 1114 administrandae
1376 1081 1481 1124 pote·

299 1152 446 1185 statem
466 1146 554 1185 aliis
578 1146 821 1193 laudemque
846 1147 1130 1185 concederent.
1173 1146 1331 1195 Quibus
1353 1153 1492 1187 autem

300 1219 390 1257 talis
415 1218 529 1256 nulla
554 1221 608 1256 sit
633 1231 763 1265 causa,
789 1221 821 1256 si
849 1218 1058 1266 despicere
1082 1232 1125 1257 se
1149 1219 1288 1258 dicant
1308 1234 1368 1267 ea,
1388 1233 1492 1268 quae

299 1291 482 1338 plerique
513 1293 725 1336 mirentur,
758 1292 926 1337 imperia
957 1295 1001 1328 et
1031 1293 1303 1339 magistratus,
1333 1294 1380 1331 iis
1409 1306 1490 1331 non

299 1358 419 1396 modo
450 1371 532 1395 non
564 1357 686 1402 laudi,
714 1371 853 1395 verum
885 1360 1009 1396 etiam
1037 1361 1134 1396 vitio
1163 1358 1344 1398 dandum
1373 1365 1492 1408 put03

299 1439 469 1474 quorum
487 1425 681 1463 iudicium
701 1428 742 1463 in
765 1439 826 1472 eo,
846 1426 955 1472 quod
973 1426 1143 1472 gloriam
1163 1432 1430 1467 contemnant
1449 1434 1493 1468 et

298 1508 370 1542 pro
389 1493 517 1532 nihilo
537 1498 698 1541 putent,
715 1493 875 1532 difficile
896 1494 1005 1532 factu
1027 1500 1090 1533 est
1107 1507 1190 1533 non
1210 1496 1399 1543 probare3
1419 1496 1490 1535 sed

297 1562 488 1600 videntur
518 1561 675 1599 labores
707 1566 750 1599 et
783 1562 1002 1609 molestias,
1031 1567 1119 1600 tum
1151 1562 1416 1602 offensionum
1445 1570 1490 1603 et

296 1630 547 1677 repulsarum
581 1632 693 1676 quasi
727 1629 929 1676 quandam
964 1633 1227 1676 ignominiam
1265 1634 1410 1670 timere
1445 1637 1490 1672 et

295 1698 513 1736 infamiam.
560 1697 665 1735 Sunt
685 1699 806 1743 enim,
828 1700 897 1744 qui
917 1700 959 1735 in
979 1698 1099 1736 rebus
1119 1702 1327 1738 contrariis
1347 1713 1488 1747 parum

295 1767 369 1805 sibi
390 1770 591 1812 constent,
609 1765 860 1812 voluptatem
880 1768 1130 1805 severissime
1151 1772 1429 1815 contemnant,
1445 1771 1487 1807 in

295 1834 433 1873 dolore
457 1835 539 1871 sint
562 1833 777 1880 molliores,
798 1834 968 1880 gloriam
991 1834 1228 1882 neglegant,
1248 1834 1487 1883 frangantur

295 1902 472 1948 infamia,
492 1906 616 1948 atque
637 1914 684 1939 ea
704 1901 868 1948 quidem
889 1915 971 1939 non
992 1905 1087 1940 satis
1107 1907 1352 1942 constanter.

349 1970 430 2010 Sed
465 1972 525 2016 iis,
561 1972 628 2017 qui
663 1969 818 2008 habent
851 1983 874 2007 a
908 1975 1052 2008 natura
1081 1970 1315 2010 adiumenta
1348 1985 1481 2012 rerum

291 2037 573 2086 gerendarum,
605 2038 764 2076 abiecta
794 2040 903 2076 omni
938 2041 1198 2078 cunctatione
1231 2039 1478 2086 adipiscendi

403 2097 456 2133 '72
