1520 2320
227 714 277 749 15

130 832 248 859 Phaedr.
253 853 260 866 ,

127 867 181 893 250
195 868 221 893 D

190 1335 282 1389 (15)

601 92 802 131 CICERO
833 91 910 130 DE
939 92 1177 132 OFFICIIS

303 175 430 219 magis
450 172 811 220 pulchritudinem,
833 176 1115 220 constantiam,
1137 173 1322 212 ordinem
1340 175 1384 211 in
1403 185 1497 217 con-¹

303 232 401 271 siliis
436 232 635 280 factisque
669 226 1010 271 conservandam¹
1049 237 1168 281 putat
1201 237 1411 280 cavetque,
1445 245 1498 271 ne

305 292 404 339 quid
422 292 613 330 indecore
635 291 918 331 effeminateve
938 292 1072 339 faciat,
1089 297 1179 331 tum
1197 295 1240 331 in
1255 292 1442 331 omnibus
1457 296 1500 330 et

307 352 563 398 opinionibus
594 356 639 390 et
668 351 786 390 factis
816 366 869 391 ne
901 352 999 399 quid
1029 351 1245 391 libidinose
1275 357 1347 391 aut
1377 351 1500 390 faciat

306 417 378 450 aut
398 414 563 459 cogitet.

363 470 520 518 Quibus
553 484 603 510 ex
634 472 754 510 rebus
789 471 984 510 conflatur
1017 477 1061 510 et
1095 471 1265 510 efficitur
1298 470 1354 518 id,
1387 470 1497 519 quod

305 534 548 578 quaerimus,
568 531 799 578 honestum,
821 531 930 579 quod
951 526 1109 570 etiamsi
1129 531 1388 570 nobilitatum
1414 543 1495 569 non

307 594 373 638 sit,
412 596 551 629 tamen
590 590 808 629 honestum
847 594 911 638 sit,
951 591 1141 638 quodque
1180 604 1275 629 vere
1313 590 1496 637 dicimus,

307 653 467 689 etiamsi
486 664 510 688 a
528 650 642 689 nullo
661 650 864 698 laudetur,
885 656 1030 689 natura
1049 664 1137 690 esse
1156 649 1370 689 laudabile.

364 710 410 748 V.
444 710 629 748 Formam
649 710 814 758 quidem
832 714 973 758 ipsam,
990 711 1128 750 Marce
1148 710 1217 758 fili,
1233 715 1276 749 et
1294 715 1501 757 tamquam

309 769 454 808 faciem
492 770 654 808 honesti
687 769 813 817 vides,
850 761 987 817 “quae
1025 773 1058 808 si
1092 770 1217 809 oculis
1251 774 1499 816 cerneretur,

307 830 509 868 mirabiles
517 830 712 876 amores,”
723 835 770 868 ut
784 833 841 868 ait
858 830 986 877 Plato,
995 821 1021 838 “
1029 833 1228 869 excitaret
1238 829 1498 878 sapientiae.”

307 889 389 928 Sed
413 903 547 936 omne,
572 889 680 937 quod
704 894 767 928 est
791 889 1021 937 honestum,
1045 889 1088 928 id
1111 895 1302 937 quattuor
1323 891 1499 937 partium

308 952 434 987 oritur
450 962 500 987 ex
514 949 667 996 aliqua:
688 954 758 987 aut
771 952 880 987 enim
900 952 942 987 in
961 952 1247 997 perspicientia
1258 951 1343 988 veri
1361 948 1499 987 soller-

307 1008 446 1052 tiaque
479 1010 661 1043 versatur
693 1010 765 1043 aut
797 1008 840 1043 in
873 1005 1083 1044 hominum
1117 1008 1311 1044 societate
1344 1004 1498 1044 tuenda

307 1061 606 1108 tribuendoque
637 1075 754 1099 suum
785 1064 930 1108 cuique
961 1067 1005 1100 et
1034 1075 1169 1100 rerum
1202 1066 1498 1100 contractarum

308 1117 387 1155 fide
414 1122 485 1155 aut
511 1120 553 1154 in
579 1120 702 1155 animi
730 1117 879 1156 excelsi
903 1122 1027 1165 atque
1053 1120 1194 1156 invicti
1216 1116 1498 1165 magnitudine

308 1186 354 1211 ac
374 1173 516 1211 robore
536 1178 607 1211 aut
626 1176 669 1211 in
688 1176 882 1220 omnium,
903 1187 1006 1220 quae
1026 1173 1130 1212 fiunt
1151 1186 1335 1221 quaeque
1358 1172 1499 1211 dicun-

309 1235 388 1276 tur,
428 1229 568 1267 ordine
608 1235 652 1268 et
689 1229 823 1276 modo,
862 1233 904 1267 in
947 1243 1026 1276 quo
1068 1233 1176 1268 inest
1217 1229 1417 1268 modestia
1457 1233 1502 1267 et

309 1288 590 1332 temperantia.

366 1340 482 1388 Quae
502 1346 693 1388 quattuor
712 1354 955 1388 quamquam
977 1343 1086 1379 inter
1105 1354 1148 1379 se
1169 1340 1358 1388 colligata
1379 1345 1503 1388 atque

310 1397 516 1444 implicata
546 1402 654 1444 sunt,
684 1402 823 1436 tamen
855 1410 906 1435 ex
940 1397 1108 1444 singulis
1142 1401 1254 1436 certa
1285 1397 1503 1435 officiorum

310 1466 463 1500 genera
494 1458 728 1500 nascuntur,
762 1453 875 1491 velut
909 1466 959 1491 ex
991 1466 1039 1492 ea
1071 1458 1200 1500 parte,
1234 1466 1338 1500 quae
1375 1455 1503 1500 prima

311 1509 504 1556 discripta
519 1502 534 1526 ²
573 1514 649 1555 est,
687 1511 731 1546 in
769 1523 847 1556 qua
885 1511 1125 1556 sapientiam
1163 1514 1206 1547 et
1243 1508 1502 1556 prudentiam

311 1568 510 1612 ponimus,
530 1568 638 1604 inest
657 1564 865 1612 indagatio
883 1570 1006 1612 atque
1026 1568 1208 1603 inventio
1222 1567 1320 1611 veri,
1335 1567 1501 1612 eiusque

233 1621 281 1661 16
311 1623 471 1659 virtutis
495 1621 571 1659 hoc
595 1634 741 1659 munus
762 1626 825 1659 est
847 1624 1063 1668 proprium.
1127 1621 1185 1659 Ut
1203 1623 1314 1660 enim
1333 1623 1502 1668 quimue

311 1680 485 1716 maxime
509 1679 715 1724 perspicit,
736 1676 833 1723 quid
856 1680 899 1714 in
922 1682 966 1715 re
990 1690 1148 1724 quaque
1168 1679 1420 1715 verissimum
1437 1678 1504 1724 sit,

335 1751 656 1803 feower-vandum
682 1753 803 1790 MSS.;
828 1754 1070 1786 conservanda
1092 1753 1196 1786 codd.
1223 1752 1360 1797 aliquot
1384 1763 1505 1786 reeen-

317 1799 563 1885 ῃῗῗίῗςσῗιὲΐα
581 1842 697 1874 Heinc
711 1854 719 1879 ;
736 1842 911 1884 descripta
928 1841 1048 1881 MSS.‚
1067 1842 1123 1874 Bt.

358 1938 514 1972 ³Cicero
532 1938 637 1980 plays
661 1948 706 1969 on
732 1937 791 1969 the
816 1936 945 1969 double
972 1936 1145 1979 meaning
1167 1935 1210 1969 of
1226 1935 1432 1970 honestum:
1453 1934 1503 1980 (ι)

314 1983 449 2060 gaon-al
473 1981 687 2024 goodness,’
712 1981 785 2014 and
812 1980 862 2023 (2)
891 1980 1142 2021 ‘honour-able,
1183 1980 1486 2025 ‘distinguished,

415 2077 465 2119 16
