1520 2320
565 91 765 131 CICERO
796 92 873 131 DE
902 93 1139 134 OFFICIIS

270 185 365 209 nam
378 172 524 210 efficies
539 172 722 219 profecto
737 173 922 220 legendis
936 179 1083 214 nostris
1097 176 1332 224 pleniorem.
1374 178 1463 216 Nec

273 241 366 265 vero
392 227 469 266 hoc
495 233 731 275 arroganter
750 229 905 268 dictum
926 233 1145 270 existimari
1163 233 1296 271 velim.
1357 234 1462 272 Nam

274 283 583 331 philosophandi
608 287 819 323 scientiam
843 287 1071 326 concedens
1094 288 1246 336 multis,
1267 289 1377 336 quod
1400 294 1464 328 est

272 342 438 377 oratoris
479 343 698 387 proprium,
737 346 846 389 apte,
885 342 1091 391 distincte,
1130 349 1272 384 ornate
1313 345 1463 393 dicere,

271 397 460 442 quoniam
479 398 521 433 in
543 409 591 434 eo
610 397 745 435 studio
764 403 943 436 aetatem
970 403 1211 448 consumpsi,
1236 403 1269 439 si
1294 401 1338 439 id
1363 401 1463 439 mihi

270 464 441 498 assumo,
461 451 600 490 videor
622 452 665 490 id
687 466 780 491 meo
799 455 886 492 iure
906 455 1081 501 quodam
1103 456 1224 494 modo
1243 457 1460 496 vindicare.

218 512 239 546 3
326 506 460 554 Quam
479 508 531 546 ob
550 521 638 546 rem
660 521 907 557 magnopere
926 515 970 549 te
989 510 1141 559 hortor,
1161 514 1217 550 mi
1243 512 1396 560 Cicero,
1415 518 1462 552 ut

271 576 354 601 non
384 563 514 602 solum
540 567 741 603 orationes
766 578 890 612 meas,
914 566 986 605 sed
1012 567 1085 605 hos
1109 570 1232 606 etiam
1255 566 1308 607 de
1331 568 1461 616 philo—

270 619 411 666 sophia
428 619 564 667 libros,
586 622 654 667 qui
673 623 753 658 iam
773 621 851 659 illis
871 621 957 660 fere
978 635 1020 661 se
1034 615 1048 640 ¹
1075 629 1313 671 aequarunt,
1333 625 1460 663 studi·

271 687 339 714 ose
365 675 501 723 legas3
532 678 591 714 vis
619 679 728 714 enim
758 680 884 715 maior
909 681 952 715 in
978 678 1056 717 illis
1082 679 1258 727 dicendi,
1285 680 1358 719 sed
1384 680 1460 719 hoc

271 745 431 778 quoque
452 731 668 770 colendum
692 738 755 770 est
777 734 988 780 aequabile
1012 740 1056 773 et
1078 740 1351 783 temperatum
1375 749 1461 774 ora-

271 790 391 825 tionis
410 800 551 834 genus.
602 787 657 826 Et
676 788 718 826 id
734 789 899 836 quidem
914 793 1068 828 nemini
1082 790 1201 830 video
1217 792 1462 833 Graecorum

270 843 402 881 adhuc
429 845 659 891 contigisse,
683 849 731 882 ut
757 845 866 883 idem
890 851 1062 893 utroque
1085 849 1128 884 in
1150 860 1303 894 genere
1327 847 1461 887 elabo-

270 892 406 937 raret²
432 904 751 947 sequereturque
772 906 815 939 et
834 901 936 940 illud
955 901 1115 940 forense
1136 903 1299 942 dicendi
1319 909 1363 942 et
1381 903 1459 942 hoc

270 958 453 1002 quietum
468 955 702 1003 disputandi
721 969 864 1004 genus,
880 960 957 996 nisi
976 957 1081 996 forte
1102 958 1336 998 Demetrius
1358 959 1459 998 Pha-

269 1020 401 1050 lereus
427 1013 470 1048 in
493 1011 571 1050 hoc
593 1025 762 1050 numero
786 1012 925 1051 haberi
948 1019 1097 1061 potest,
1117 1014 1344 1062 disputator
1365 1016 1458 1054 sub·

269 1067 365 1113 tilis,
409 1071 542 1105 orator
586 1081 728 1115 parum
770 1068 1004 1116 vehemens,
1043 1070 1171 1109 dulcis
1215 1076 1368 1118 tamen,
1410 1076 1458 1110 ut

268 1122 538 1170 Theophrasti
551 1123 792 1171 discipulum
805 1127 931 1171 possis
941 1138 1171 1172 agnoscere.
1221 1127 1306 1166 Nos
1320 1132 1458 1167 autem

269 1184 466 1226 quantum
499 1181 542 1216 in
575 1184 748 1226 utroque
779 1180 1081 1229 profecerimus,
1111 1182 1280 1221 aliorum
1314 1185 1368 1222 sit
1399 1186 1459 1222 iu-

270 1235 433 1281 dicium,
453 1239 672 1282 utrumque
693 1240 803 1274 certe
824 1239 952 1275 secuti
972 1250 1111 1276 sumus

216 1297 238 1328 4
326 1290 528 1337 Equidem
552 1295 596 1329 et
621 1290 832 1329 Platonem
856 1295 1056 1340 existimo,
1079 1295 1112 1332 si
1142 1307 1273 1341 genus
1298 1294 1458 1333 forense

270 1346 433 1384 dicendi
455 1350 630 1385 tractare
650 1346 854 1394 voluisset,
873 1351 1106 1395 gravissime
1127 1354 1170 1388 et
1189 1352 1459 1398 copiosissime

271 1405 448 1450 potuisse
482 1401 632 1449 dicere,
668 1407 712 1441 et
751 1402 1088 1452 Demosthenem,
1121 1407 1154 1443 si
1184 1405 1266 1453 illa,
1296 1418 1399 1453 quae
1433 1420 1456 1444 a

272 1458 439 1497 Platone
459 1457 671 1505 didicerat,
690 1461 890 1497 tenuisset
911 1465 954 1498 et
973 1464 1236 1508 pronuntiare
1250 1461 1453 1508 voluisset,

267 1519 409 1553 ornate
456 1513 752 1561 splendideque
800 1514 934 1554 facere
981 1519 1181 1563 potuisse3
1229 1517 1455 1565 eodemque

265 1570 387 1608 modo
406 1569 458 1608 de
479 1570 701 1608 Aristotele
721 1575 765 1608 et
794 1570 970 1610 Isocrate
990 1571 1137 1619 iudico,
1156 1585 1327 1620 quorum
1347 1578 1456 1612 uter—

266 1640 345 1674 que
366 1639 438 1663 suo
457 1625 592 1664 studio
611 1625 839 1665 delectatus
859 1630 1104 1675 contempsit
1122 1627 1307 1668 alterum.

301 1719 356 1751 ‘se
373 1719 404 1751 A
421 1729 452 1759 c,
469 1718 580 1757 Edd.;
597 1718 711 1751 notin
730 1719 758 1751 B
778 1719 811 1751 H
830 1730 853 1752 a
870 1719 893 1752 b
910 1731 943 1762 p.

298 1761 313 1783 2
324 1763 518 1795 elaboraret
532 1762 713 1802 Lambin.‚
733 1763 842 1802 Edd.;
858 1765 1034 1797 laboraret
1049 1765 1151 1799 MSS.

306 1882 459 1915 aCicero
470 1882 500 1914 is
510 1881 674 1924 alluding
685 1886 722 1915 to
732 1882 788 1915 his
800 1883 987 1925 Republic,
995 1884 1178 1918 Tusculan
1191 1885 1458 1928 Disputations,

264 1925 439 1958 Theories
455 1926 498 1958 of
507 1926 568 1958 the
585 1925 759 1968 Supreme
776 1925 881 1959 Good
898 1927 971 1959 and
989 1927 1080 1967 Evil,
1093 1927 1171 1962 The
1189 1929 1328 1963 Nature
1344 1931 1387 1963 of
1397 1932 1458 1964 the

264 1970 378 2008 Gods,
407 1970 635 2010 Academics‚
668 1969 898 2011 Hortensius,
930 1971 985 2004 his
1011 1982 1141 2015 ensays
1167 1983 1213 2006 on
1243 1973 1457 2018 Friendship

261 2013 448 2055 (Laelius),
463 2013 535 2046 Old
548 2013 631 2055 Age
646 2012 784 2057 (Cato),
801 2015 828 2047 F
830 2019 901 2054 ate,
920 2014 1143 2056 Divination,
1158 2022 1225 2050 etc.
1253 2018 1309 2060 (15
1327 2018 1361 2051 in
1377 2018 1451 2060 all).

370 2069 396 2103 4
