1546 2294
229 681 280 716 32

232 1846 283 1881 33

610 57 810 96 CICERO
841 57 918 96 DE
947 59 1183 99 OFFICIIS

314 137 396 176 his:
425 140 458 176 si
484 137 620 185 diligit
645 138 880 186 multitudo,
901 142 934 178 si
961 140 1083 178 fidem
1107 140 1246 189 habet,
1266 145 1299 180 si
1325 156 1418 181 cum
1437 144 1507 183 ad-

313 217 526 252 miratione
569 215 744 262 quadam
791 215 944 265 honore
993 216 1138 263 dignos
1186 223 1315 265 putat.
1390 219 1508 258 Haec

312 295 464 338 autem,
503 294 537 329 si
580 296 643 329 est
690 291 929 339 simpliciter
967 293 1226 341 breviterque
1273 294 1509 343 dicendum,

313 368 457 413 quibus
476 368 597 406 rebus
613 370 826 415 pariuntur
839 382 863 406 a
883 368 1064 416 singulis,
1082 370 1236 408 eisdem
1256 370 1342 409 fere
1362 385 1386 408 a
1404 372 1509 410 mul-

312 443 501 482 titudine.
562 443 643 482 Sed
676 449 739 481 est
769 444 870 482 alius
901 458 1062 492 quoque
1096 446 1261 493 quidam
1290 446 1424 486 aditus
1454 448 1506 487 ad

310 519 632 567 multitudinem,
657 525 704 558 ut
734 524 776 558 in
806 523 1084 559 universorum
1113 525 1267 561 animos
1296 527 1504 571 tamquam

310 596 478 635 influere
499 599 706 644 possimus.

366 677 428 715 Ac
452 679 627 724 primum
647 677 700 715 de
720 676 799 715 illis
819 677 961 724 tribus,
982 690 1086 724 quae
1106 683 1203 716 ante
1224 678 1321 725 dixi,
1342 679 1508 716 benivo-

309 750 463 788 lentiae
495 754 714 797 praecepta
744 749 972 795 videamus3
1016 763 1119 797 quae
1151 750 1318 798 quidem
1351 754 1510 799 eapitur

310 822 518 861 beneficiis
551 825 741 868 maxime,
775 822 955 860 secundo
994 828 1132 861 autem
1170 823 1260 861 loco
1298 823 1508 862 voluntate

312 895 494 933 benefica
519 894 797 932 benivolentia
815 900 1016 942 movetur,
1037 898 1195 933 etiamsi
1215 909 1279 934 res
1299 895 1405 934 forte
1425 909 1508 934 non

312 970 515 1015 suppetit3
533 966 803 1005 vehementer
821 972 960 1004 autem
979 980 1091 1005 amor
1105 967 1379 1007 multitudinis
1398 981 1506 1006 com-

312 1045 498 1078 movetur
528 1042 615 1087 ipsa
643 1039 751 1076 fama
777 1044 821 1077 et
847 1042 1037 1086 opinione
1066 1039 1334 1087 liberalitatis,
1355 1040 1506 1079 benefi-

313 1115 486 1159 centiae,
506 1114 699 1158 iustitiae,
720 1111 816 1150 fidei
841 1114 1103 1158 omniumque
1131 1125 1269 1150 earum
1295 1115 1506 1159 virtutum,

313 1198 417 1232 quae
444 1187 656 1231 pertinent
679 1184 731 1221 ad
757 1183 1114 1222 mansuetudinem
1138 1197 1296 1223 morum
1315 1198 1361 1223 ac
1381 1185 1508 1223 facili-

314 1263 454 1296 tatem.
515 1257 681 1294 Etenim
707 1256 809 1293 illud
839 1259 984 1303 ipsum,
1006 1256 1113 1303 quod
1144 1256 1364 1296 honestum
1390 1257 1510 1295 deco-

315 1342 485 1376 rumque
505 1328 689 1375 dicimus,
709 1331 804 1375 quia
822 1341 896 1375 per
915 1341 958 1366 se
978 1329 1094 1366 nobis
1121 1328 1257 1376 placet
1276 1333 1511 1377 animosque

315 1405 496 1440 omnium
515 1406 660 1438 natura
681 1405 724 1438 et
750 1403 885 1448 speeie
905 1413 977 1438 sua
1002 1406 1231 1440 commovet
1255 1405 1511 1449 maximeque

315 1477 428 1522 quasi
454 1473 639 1521 perlucet
659 1487 707 1511 ex
729 1476 790 1520 iis,
811 1486 909 1520 quas
936 1477 1259 1521 commemoravi,
1279 1475 1509 1522 virtutibus,

315 1548 463 1585 idcirco
494 1546 596 1593 illos,
626 1548 668 1583 in
703 1546 848 1593 quibus
881 1559 947 1583 eas
980 1549 1150 1584 virtutes
1184 1559 1272 1585 esse
1303 1560 1452 1595 remur,
1484 1561 1509 1585 a

315 1625 458 1658 natura
491 1622 577 1666 ipsa
609 1618 780 1665 diligere
812 1621 1003 1665 cogimur.
1064 1618 1203 1666 Atque
1234 1618 1311 1657 hae
1343 1619 1507 1666 quidem

314 1706 455 1731 causae
476 1691 674 1738 diligendi
693 1693 970 1737 gravissimae;
991 1696 1160 1738 possunt
1175 1694 1284 1730 enim
1299 1697 1510 1740 praeterea

314 1779 395 1803 non
415 1763 551 1802 nullae
572 1776 659 1801 esse
679 1763 861 1801 leviores.

373 1841 492 1879 Fides
530 1845 668 1877 autem
712 1843 759 1876 ut
802 1838 1011 1885 habeatur,
1051 1839 1207 1877 duabus
1246 1839 1366 1878 rebus
1406 1839 1508 1878 effici

313 1918 463 1962 potest,
502 1915 534 1950 si
574 1911 894 1950 existimabimur
930 1911 1070 1958 adepti
1117 1914 1374 1950 coniunctam
1412 1925 1505 1950 cum

312 1988 466 2024 iustitia
504 1983 774 2031 prudentiam.
835 1982 941 2020 Nam
975 1988 1020 2021 et
1053 1986 1100 2021 iis
1134 1983 1255 2021 fidem
1294 1983 1502 2031 habemus,

424 2045 503 2078 200
