1546 2294
237 642 287 680 75

234 1594 286 1637 76

609 107 810 149 CICERO
840 107 916 148 DE
946 107 1182 151 OFFICIIS

316 196 465 239 nostra,
485 191 558 229 sed
589 191 642 229 de
667 195 777 230 omni
803 205 846 231 re
873 193 1035 240 publica
1059 185 1253 240 disputo),
1274 193 1408 232 danda
1427 196 1506 232 erit

317 260 452 295 opera,
485 252 534 286 ut
570 261 711 286 omnes
749 248 1008 296 intellegant,
1039 251 1073 287 si
1106 249 1204 287 salvi
1242 262 1330 288 esse
1363 249 1506 296 velint,

316 306 551 341 necessitati
570 317 658 342 esse
678 304 913 352 parendum.
964 305 1103 352 Atque
1123 308 1248 343 etiam
1267 318 1421 354 omnes,
1436 308 1507 353 qui

318 373 404 397 rem
432 359 636 407 publicam
660 361 961 408 gubernabunt,
982 361 1193 400 consulere
1215 361 1440 409 debebunt,
1459 366 1507 399 ut

318 429 457 454 earum
498 429 634 454 rerum
675 419 790 464 copia
833 420 899 464 sit,
942 430 1046 464 quae
1087 409 1206 456 suntl
1244 420 1503 456 necessariae.

319 471 500 519 Quarum
520 472 648 519 qualis
667 476 912 520 comparatio
932 473 1018 512 fieri
1037 474 1166 512 soleat
1186 478 1229 512 et
1248 473 1411 521 debeat,
1425 487 1507 512 non

318 533 381 566 est
399 541 566 567 necesse
585 528 811 576 disputare3
840 534 904 568 est
922 532 1032 568 enim
1050 532 1094 567 in
1112 535 1303 578 promptu
1313 543 1324 576 ;
1345 534 1507 568 tantum

317 584 428 623 locus
446 585 711 632 attingendus
730 584 819 624 fuit.

374 641 506 688 Caput
523 646 662 679 autem
682 646 746 679 est
773 644 816 679 in
839 644 949 680 omni
975 645 1256 689 procuratione
1282 644 1438 690 negotii
1464 645 1508 680 et

318 700 496 735 muneris
522 697 686 744 publici,
706 702 754 735 ut
781 700 971 736 avaritiae
997 698 1174 746 pellatur
1193 701 1317 736 etiam
1342 700 1508 736 minima

318 756 500 800 suspicio.
561 743 805 800 “Utinam,''
822 756 956 801 inquit
975 754 1016 792 C.
1042 754 1209 793 Pontius
1229 754 1400 801 Samnis,
1420 743 1507 792 “ad

318 809 387 846 illa
411 814 596 857 tempora
620 823 686 847 me
707 809 870 847 fortuna
887 813 1172 849 reservavisset
1193 815 1238 848 et
1262 815 1352 848 tum
1377 822 1507 848 essem

318 870 451 912 natus,
482 865 644 913 quando
677 866 845 903 Romani
876 866 982 904 dona
1018 857 1227 914 accipere²
1257 865 1504 914 coepissent!

318 935 401 959 non
439 935 569 960 essem
602 935 740 970 passus
769 922 920 960 diutius
955 935 1023 960 eos
1056 922 1295 970 imperare.’'
1354 921 1418 960 Ne
1446 921 1506 959 illi

317 978 446 1016 multa
465 978 624 1016 saecula
643 978 915 1026 exspectanda
937 978 1124 1025 fuerunt3
1152 978 1273 1017 modo
1293 980 1403 1016 enim
1428 977 1504 1016 hoc

317 1034 468 1071 malum
486 1037 529 1072 in
554 1034 659 1072 hanc
678 1047 765 1073 rem
783 1034 987 1082 publicam
1005 1037 1162 1073 invasit.
1222 1033 1366 1082 Itaque
1386 1033 1503 1072 facile

317 1093 448 1137 patior
477 1096 566 1129 tum
597 1093 730 1138 potius
764 1090 952 1128 Pontium
982 1090 1119 1137 fuisse,
1138 1090 1338 1137 siquidem
1363 1092 1406 1128 in
1431 1089 1502 1127 illo

315 1151 477 1184 tantum
510 1146 588 1184 fuit
619 1147 782 1184 roboris.
855 1146 1048 1185 Nondum
1077 1151 1244 1185 eentum
1277 1151 1322 1184 et
1358 1145 1502 1184 decem

318 1205 413 1240 anni
443 1208 550 1249 sunt,
572 1216 664 1240 cum
683 1203 736 1240 de
762 1205 944 1250 pecuniis
966 1202 1204 1250 repetundis
1231 1215 1256 1240 a
1290 1201 1334 1240 L.
1359 1201 1503 1240 Pisone

318 1258 398 1296 lata
416 1258 482 1297 lex
502 1263 579 1305 est,
598 1258 710 1296 nulla
727 1263 850 1297 antea
868 1271 961 1296 cum
979 1258 1132 1297 fuisset.
1173 1258 1233 1296 At
1250 1271 1346 1296 vero
1364 1262 1506 1306 postea

318 1319 381 1352 tot
406 1314 519 1361 leges
543 1319 587 1353 et
610 1317 815 1361 proximae
835 1327 1020 1361 quaeque
1045 1314 1238 1361 duriores,
1259 1318 1324 1352 tot
1349 1316 1421 1360 rei,
1440 1318 1506 1351 tot

316 1370 510 1417 damnati,
530 1375 692 1408 tantum
713 1361 960 1416 [Italicum]³
981 1370 1134 1408 bellum
1154 1375 1320 1418 propter
1339 1369 1504 1408 iudicio-

316 1440 406 1465 rum
442 1431 599 1464 metum
638 1429 874 1473 excitatum,
912 1430 1028 1464 tanta
1065 1426 1232 1464 sublatis
1265 1425 1423 1474 legibus
1461 1430 1504 1463 et

316 1483 472 1521 iudiciis
499 1482 691 1530 expilatio
714 1482 971 1530 direptioque
997 1485 1207 1529 sociorum,
1227 1487 1274 1520 ut
1293 1480 1504 1520 imbecilli·

315 1544 401 1577 tate
420 1538 602 1586 aliorum,
622 1552 704 1576 non
725 1543 862 1576 nostra
880 1541 1031 1576 virtute
1050 1538 1263 1576 valeamus.

371 1594 505 1632 XXII.
538 1594 697 1632 Laudat
723 1593 959 1631 Africanum
994 1594 1219 1640 Panaetius,
1240 1593 1349 1640 quod
1380 1592 1504 1631 fuerit

313 1651 533 1689 abstinens.
594 1649 748 1698 Quidni
767 1650 931 1688 laudet?
990 1650 1073 1688 Sed
1091 1652 1134 1687 in
1153 1650 1223 1688 illo
1242 1649 1320 1687 alia
1333 1651 1503 1694 maiora;

360 1751 466 1783 ¹sunt
483 1752 508 1783 B
525 1751 559 1783 H
578 1751 612 1790 b,
634 1749 720 1789 Bt.²;
743 1754 832 1783 sunt
845 1751 896 1782 ad
909 1751 1043 1783 victum
1062 1751 1089 1783 L
1106 1762 1124 1783 c
1141 1761 1176 1793 p,
1198 1751 1281 1790 Bw,
1303 1751 1429 1783 Heine.

359 1795 472 1827 ²dona
488 1795 643 1837 accipere
660 1795 687 1826 Β
708 1796 739 1826 H
762 1795 789 1826 L
805 1806 828 1827 a
845 1806 867 1836 p
884 1806 917 1833 cg
942 1796 1096 1838 accipe’re
1113 1796 1206 1827 dona
1223 1795 1256 1834 b,
1278 1795 1343 1827 Ed.

358 1839 520 1871 ³tantum
537 1837 735 1881 [Italicum]
762 1839 875 1878 Bake,
897 1839 1005 1877 Edd.;
1030 1842 1173 1871 tantum
1189 1839 1359 1871 Italicum
1385 1838 1413 1870 L
1429 1849 1447 1871 c
1467 1849 1505 1881 p3

316 1886 459 1915 tantum
475 1883 630 1915 Iliacum
649 1883 677 1914 Β
696 1883 746 1921 Η;
770 1883 870 1915 tanti
883 1883 1042 1915 militari
1055 1894 1134 1915 cum
1151 1882 1184 1915 b.

398 1993 502 2026 ³The
521 1994 650 2026 Italian
668 2005 709 2025 οι·
725 1994 843 2026 Social
862 1995 961 2033 War,
980 2002 1053 2026 13.c.
1077 1995 1215 2026 loo—88.

397 2036 416 2062 b
429 2038 573 2081 During
589 2039 648 2070 the
666 2037 923 2081 diCIatorships
939 2038 980 2071 of
990 2038 1089 2070 Sulla
1104 2038 1178 2070 and
1194 2037 1347 2072 Caesar.

420 2094 499 2128 250
