1546 2294
217 1086 268 1120 43

593 113 793 153 CICERO
823 113 900 153 DE
930 114 1168 156 OFFICIIS

300 196 458 242 assequi
495 199 646 243 posset,
680 200 724 234 et
761 201 900 235 tamen
930 200 1035 235 muri
1069 211 1229 237 causam
1290 201 1491 247 opposuit,

301 264 479 309 speciem
493 262 720 303 honestatis
735 277 813 303 nec
829 264 1079 312 probabilem
1090 279 1168 304 nec
1180 279 1276 306 sane
1291 266 1491 306 idoneam.

304 330 492 370 Peccavit
510 333 649 380 igitur,
665 346 764 380 pace
784 332 849 372 vel
870 333 1030 381 Quirini
1046 334 1109 373 vel
1133 333 1292 374 Romuli
1311 334 1493 374 dixerim.

357 399 445 437 Nec
479 404 619 439 tamen
652 406 814 440 nostrae
853 402 969 441 nobis
1007 401 1207 442 utilitates
1245 403 1494 442 omittendae

301 472 398 506 sunt
422 468 592 516 aliisque
618 469 857 518 tradendae,
885 484 978 509 cum
1003 462 1077 509 iis²
1095 473 1171 519 ipsi
1198 484 1404 519 egeamus,
1424 472 1495 511 sed

301 549 396 574 suae
423 539 568 585 cuique
592 538 775 586 utilitati,
795 538 904 586 quod
932 541 1019 578 sine
1045 539 1211 578 alterius
1239 542 1385 579 iniuria
1412 539 1496 588 fiat,

301 605 559 644 serviendum
580 611 652 644 est.
714 606 825 646 Scite
852 606 1113 655 Chrysippus,
1132 613 1180 646 ut
1207 607 1356 647 multa:
1376 598 1494 656 “Qui

300 672 515 720 stadium,'’
538 676 685 722 inquit,
708 665 879 722 “currit,
900 678 1002 714 eniti
1022 680 1066 714 et
1085 675 1335 716 contendere
1354 675 1495 724 debet,

300 753 422 788 quam
454 744 630 780 maxime
664 746 803 791 possit,
837 748 885 782 ut
915 746 1063 791 vincat,
1095 743 1355 792 supplantare
1388 758 1495 792 eum,

301 802 489 856 quicum³
528 815 672 858 certet,
711 816 783 850 aut
821 825 944 849 manu
983 811 1191 859 depellere
1230 811 1343 851 nullo
1375 812 1497 851 modo

301 876 448 924 debet3
478 880 534 916 sic
554 881 597 916 in
618 881 701 917 vita
727 879 803 918 sibi
829 893 1033 927 quemque
1060 885 1216 928 petere,
1237 880 1346 928 quod
1371 884 1496 929 perti-

300 950 399 984 neat
424 945 478 985 ad
503 959 633 994 usum,
654 960 737 985 non
763 950 947 995 iniquum
974 953 1050 996 est,
1076 948 1195 987 alteri
1222 948 1408 997 deripere
1435 951 1496 988 ius

298 1027 381 1051 non
401 1013 503 1053 est.”

1237 190 1252 216 1

357 1083 536 1122 Maxime
570 1089 708 1122 autem
746 1085 1036 1131 perturbantur
1065 1084 1192 1123 officia
1220 1087 1263 1123 in
1291 1087 1492 1133 amicitiis,

297 1150 442 1197 quibus
458 1155 503 1190 et
517 1164 600 1190 non
615 1152 809 1199 tribuere,
822 1152 930 1199 quod
950 1157 1062 1191 recte
1082 1154 1222 1200 possis,
1235 1157 1279 1191 et
1297 1153 1492 1201 tribuere,

297 1218 406 1266 quod
425 1232 508 1257 non
528 1222 581 1257 sit
599 1233 788 1267 aequum,
805 1225 945 1258 contra
964 1220 1136 1258 officium
1157 1225 1229 1259 est.
1271 1220 1355 1260 Sed
1372 1219 1492 1260 huius

297 1289 459 1334 generis
479 1290 606 1326 totius
632 1288 754 1326 breve
775 1293 818 1327 et
844 1302 927 1326 non
947 1287 1107 1327 difficile
1131 1294 1396 1337 praeceptum
1416 1294 1490 1328 est.

298 1354 414 1402 Quae
442 1358 552 1393 enim
582 1355 773 1394 videntur
799 1355 927 1403 utilia,
948 1356 1134 1404 honores,
1155 1356 1334 1404 divitiae,
1353 1357 1492 1406 volup-

296 1428 417 1470 tates,
444 1427 581 1462 cetera
607 1426 770 1471 generis
800 1424 995 1472 eiusdem,
1022 1424 1123 1463 haec
1149 1426 1350 1464 amicitiae
1374 1438 1491 1464 num·-

296 1505 415 1538 quam
435 1492 723 1539 anteponenda
743 1497 848 1531 sunt.
899 1492 958 1531 At
983 1506 1117 1540 neque
1144 1497 1284 1532 contra
1309 1506 1396 1532 rem
1416 1507 1484 1542 pu-

294 1559 441 1597 blicam
472 1572 605 1606 neque
639 1564 778 1598 contra
809 1562 869 1599 ius
900 1559 1114 1598 iurandum
1140 1574 1187 1599 ac
1218 1559 1339 1599 fidem
1369 1563 1484 1599 amici

293 1640 411 1666 causa
435 1629 494 1664 vir
523 1627 652 1666 bonus
679 1627 815 1675 faciet,
835 1641 888 1666 ne
918 1631 950 1666 si
979 1628 1102 1667 iudex
1132 1628 1296 1676 quidem
1326 1631 1404 1667 erit
1433 1628 1484 1668 de

294 1699 380 1742 ipso
411 1697 560 1741 amico;
590 1699 706 1743 ponit
727 1699 836 1734 enim
856 1709 1068 1744 personam
1088 1699 1220 1744 amici,
1241 1710 1333 1735 cum
1352 1697 1485 1736 induit

292 1763 444 1801 iudicis.
505 1763 682 1802 Tantum
722 1763 835 1802 dabit
873 1767 1087 1811 amicitiae,
1120 1770 1166 1803 ut
1200 1777 1335 1804 veram
1368 1767 1486 1804 amici

492 1864 638 1886 causam
655 1864 684 1893 c,
707 1853 816 1892 Edd.;
834 1864 942 1886 causa
961 1854 988 1886 Β
1008 1854 1041 1886 Η
1060 1865 1083 1886 a
1100 1854 1132 1886 b.

464 1896 533 1929 ’iis
551 1898 622 1936 Bt.,
640 1898 721 1936 Ed.,
744 1897 859 1930 Heine
874 1908 882 1936 ς
899 1898 958 1930 his
975 1898 1002 1930 B
1021 1898 1055 1930 H
1073 1909 1096 1931 a
1113 1897 1158 1936 b;
1175 1898 1248 1940 hijs
1263 1909 1293 1932 c.

464 1940 629 1983 ³quicum
649 1942 768 1980 MSS,
790 1942 860 1980 Bt.,
883 1942 998 1974 Heine
1013 1954 1021 1980 ς
1039 1953 1186 1984 quocum
1205 1942 1271 1974 Ed.

462 2047 570 2087 ³1.e.‚
589 2048 749 2080 whether
766 2048 809 2080 he
826 2047 870 2080 be
886 2047 961 2090 god
977 2059 1019 2080 or
1034 2058 1130 2081 man.

399 2108 478 2142 310
