1546 2294
132 122 208 157 128

132 896 210 936 129

138 1669 216 1704 130

536 27 737 67 CICERO
768 27 846 66 DE
875 27 1111 68 OFFICIIS

295 117 384 157 Nec
403 131 498 157 vero
517 118 711 157 audiendi
730 123 826 157 sunt
855 118 1008 167 Cynici,
1029 124 1100 158 aut
1120 122 1153 159 si
1173 122 1242 168 qui
1269 120 1436 160 fuerunt

244 183 369 222 Stoici
400 196 531 230 paene
564 183 717 230 Cynici,
743 185 812 231 qui
840 183 1150 231 reprehendunt
1176 190 1221 223 et
1251 185 1435 234 irrident,

244 247 353 294 quod
366 260 425 294 ea,
443 260 547 294 quae
567 240 717 295 turpiai
737 260 820 285 non
840 250 934 295 sint,
948 249 1081 287 verbis
1099 248 1298 296 flagitiosa
1315 249 1437 288 duca-

243 325 345 359 mus,
367 311 436 349 illa
455 316 607 359 autem,
629 325 732 359 quae
752 305 903 360 turpia2
923 315 1018 360 sint,
1039 314 1270 353 nominibus
1296 314 1435 362 appel-

242 376 372 414 lemus
411 378 502 415 suis.
563 376 827 424 Latrocinari,
867 376 1068 425 fraudare,
1098 377 1328 417 adulterare
1365 371 1436 418 re*3

242 446 362 488 turpe
382 445 459 488 est,
479 440 552 479 sed
571 440 720 479 dicitur
739 454 822 479 non
841 441 1016 480 obscene
1027 455 1037 488 ;
1065 441 1202 481 liberis
1222 442 1318 482 dare
1338 456 1434 491 ope-

241 519 326 543 ram
356 495 401 544 re
432 505 650 544 honestum
680 510 755 552 est,
775 508 942 544 nomine
969 507 1209 553 obscenum3
1238 507 1434 555 pluraque

241 573 284 608 in
313 583 403 608 eam
434 573 681 608 sententiam
712 570 763 608 ab
796 570 950 608 eisdem
981 576 1123 609 contra
1148 571 1434 610 verecundiam

241 634 510 682 disputantur.
571 634 655 672 Nos
681 639 819 672 autem
851 639 1036 673 naturam
1063 648 1278 683 sequamur
1309 641 1352 674 et
1382 636 1434 675 ab

241 701 363 746 omni,
385 698 494 746 quod
520 698 712 737 abhorret
737 699 789 737 ab
809 699 1015 737 oculorum
1035 702 1272 747 auriumque
1291 713 1434 748 appro-

242 764 418 809 batione,
446 763 668 810 fugiamus3
702 768 832 802 status
858 766 1050 811 incessus,
1071 767 1194 803 sessio
1219 765 1432 812 accubitio,

242 828 376 866 vultus
397 827 502 866 oculi
521 841 715 865 manuum
734 832 868 866 motus
888 833 1030 866 teneat
1048 828 1150 866 illud
1170 828 1372 867 decorum.

297 892 454 940 Quibus
485 894 528 930 in
559 893 679 931 rebus
710 892 791 931 duo
819 895 994 931 maxime
1025 898 1121 931 sunt
1151 892 1358 941 fugienda,
1379 907 1432 934 ne

240 956 338 1004 quid
364 956 641 996 effeminatum
666 961 738 994 aut
762 956 886 995 molle
917 962 960 995 et
982 970 1035 995 ne
1066 956 1164 1004 quid
1189 957 1335 996 durum
1359 962 1431 997 aut

241 1024 435 1060 rusticum
469 1024 532 1059 sit.
594 1021 681 1060 Nec
708 1034 803 1059 vero
832 1021 1095 1060 histrionibus
1125 1022 1428 1070 oratoribusque

241 1085 547 1124 concedendum
570 1091 647 1133 est,
667 1090 714 1123 ut
740 1088 787 1124 iis
813 1084 915 1123 haec
935 1091 1031 1133 apta
1050 1088 1145 1133 sint,
1165 1086 1281 1124 nobis
1308 1086 1432 1125 disso-

242 1150 338 1188 luta.
382 1150 666 1189 Scaenicorum
682 1150 848 1197 quidem
868 1163 953 1188 mos
973 1155 1131 1188 tantam
1150 1149 1276 1188 habet
1294 1155 1434 1190 vetere

244 1214 455 1262 disciplina
474 1214 774 1262 verecundiam,
797 1219 843 1252 ut
869 1217 912 1251 in
938 1227 1125 1252 scaenam
1151 1217 1238 1253 sine
1262 1214 1437 1262 subliga-

244 1278 334 1317 culo
357 1278 530 1326 prodeat
553 1291 695 1323 nemo3
725 1283 918 1316 verentur
946 1281 1068 1325 enim,
1089 1291 1155 1325 ne,
1181 1281 1214 1316 si
1240 1292 1320 1326 quo
1344 1292 1438 1318 casu

245 1345 441 1390 evenerit,
480 1347 528 1381 ut
566 1345 741 1389 corporis
779 1347 915 1390 partes
954 1342 1152 1389 quaedam
1190 1345 1438 1391 aperiantur,

243 1410 488 1455 aspiciantur
513 1420 596 1444 non
622 1406 779 1449 decore.
841 1406 990 1444 Nostro
1016 1406 1181 1454 quidem
1207 1419 1319 1446 more
1345 1419 1438 1445 cum

244 1472 480 1520 parentibus
519 1471 692 1519 puberes
731 1470 814 1518 filii,
854 1484 945 1508 cum
983 1473 1130 1509 soceris
1173 1473 1316 1518 generi
1353 1484 1436 1509 non

244 1536 439 1574 lavantur.
503 1535 733 1574 Retinenda
758 1538 884 1582 igitur
910 1540 973 1574 est
998 1534 1118 1573 huius
1142 1538 1304 1583 generis
1323 1548 1435 1574 vere-

245 1600 404 1647 cundia,
425 1602 663 1648 praesertim
682 1605 827 1638 natura
846 1602 932 1647 ipsa
951 1602 1144 1647 magistra
1163 1604 1206 1638 et
1225 1599 1339 1638 duce.

303 1664 492 1702 XXXVI.
529 1664 629 1702 Cum
664 1669 802 1702 autem
829 1663 1142 1711 pulchritudinis
1173 1663 1255 1702 duo
1285 1676 1437 1711 genera

245 1731 339 1776 sint,
357 1741 527 1776 quorum
542 1730 585 1766 in
604 1727 734 1766 altero
750 1732 940 1766 venustas
955 1730 1021 1774 sit,
1037 1730 1079 1766 in
1095 1727 1224 1766 altero
1243 1727 1434 1774 dignitas,

280 1837 391 1882 ²quae
403 1838 527 1881 turpia
542 1838 569 1870 B
583 1837 618 1877 b,
633 1837 724 1870 Edd.
735 1849 743 1875 3
755 1848 848 1880 quae
858 1848 893 1870 re
905 1838 1039 1880 turpia,
1054 1837 1081 1869 L
1092 1848 1111 1870 e
1120 1849 1129 1877 ς
1140 1847 1232 1880 quae
1243 1861 1251 1869 .
1266 1860 1274 1869 .
1290 1860 1297 1868 .
1314 1839 1433 1869 autem

250 1883 401 1969 ⁰³²3·ng
416 1926 539 1968 turpia
557 1926 584 1957 B
605 1925 639 1957 H
658 1924 691 1964 b,
712 1924 820 1962 Edd.;
838 1936 929 1967 quae
946 1936 980 1957 re
996 1925 1119 1967 turpia
1138 1925 1164 1956 L
1180 1934 1210 1958 e.

289 1968 345 2003 ⁸re
362 1970 389 2002 B
409 1970 456 2009 H,
477 1970 585 2008 Edd.;
602 1973 664 2002 not
682 1969 716 2002 in
733 1969 764 2001 A
782 1968 845 2001 Lb
861 1979 880 2001 c
895 1979 930 2011 p.

358 2026 432 2060 130
