1546 2294
601 98 802 138 CICERO
834 99 910 138 DE
938 100 1175 141 OFFICIIS

306 197 332 220 a
350 183 594 223 liberalitate
614 177 891 234 proficiscitur,
911 201 993 225 non
1015 201 1096 226 uno
1120 188 1240 226 modo
1263 191 1305 226 in
1329 188 1496 237 dispari-

309 263 382 301 bus
420 267 547 303 causis
585 265 720 304 affecti
759 279 847 305 esse
885 266 1092 306 debemus.
1155 267 1246 306 Alia
1283 281 1402 307 causa
1436 274 1500 307 est

310 346 409 391 eius,
433 348 502 392 qui
531 345 762 385 calamitate
791 349 1003 394 premitur,
1028 353 1072 386 et
1101 350 1200 394 eius,
1225 350 1293 395 qui
1324 361 1387 386 res
1416 361 1500 386 me-

227 421 280 462 62
310 424 429 462 liores
449 428 608 472 quaerit
627 425 748 464 nullis
768 429 848 465 suis
868 427 989 465 rebus
1015 427 1201 465 adversis.
1265 427 1501 475 Propensior

312 505 544 553 benignitas
578 519 666 545 esse
701 506 871 546 debebit
905 510 948 546 in
982 507 1248 555 calamitosos,
1283 510 1360 546 nisi
1395 507 1500 547 forte

310 589 432 623 erunt
450 585 565 632 digni
585 585 826 624 calamitate.
890 586 938 624 In
967 589 1015 624 iis
1043 591 1196 633 tamen,
1217 589 1286 634 qui
1315 599 1359 626 se
1387 587 1500 626 adiu-

311 667 391 702 vari
431 665 584 712 volent,
623 678 705 704 non
744 678 797 704 ne
842 665 1081 713 affligantur,
1121 665 1193 704 sed
1231 671 1279 705 ut
1315 666 1501 705 altiorem

310 735 480 787 gradum
500 741 737 789 ascendant,
757 745 934 780 restricti
954 745 1120 780 omnino
1139 755 1228 781 esse
1247 742 1361 781 nullo
1381 743 1501 781 modo

311 817 520 864 debemus,
541 818 613 856 sed
634 821 675 856 in
696 818 926 865 deligendis
950 818 1106 857 idoneis
1134 818 1327 857 iudicium
1348 824 1392 874 et
1411 818 1501 857 dili-

311 897 494 941 gentiam
514 894 719 932 adhibere.
782 895 887 933 Nam
906 895 1111 942 praeclare
1133 895 1308 934 Ennius:

38 960 108 988 Fab.
114 959 169 989 inc.

41 994 170 1028 Vahlen2,

39 1030 90 1056 409
426 1001 537 1039 Bene
554 1001 660 1039 facta
679 1001 785 1039 male
805 1001 936 1039 locata
954 1001 1060 1039 male
1082 1000 1189 1039 facta
1207 1002 1388 1041 arbitror.

228 1106 280 1146 63
368 1107 488 1156 Quod
508 1112 646 1146 autem
666 1108 864 1145 tributum
885 1112 948 1145 est
968 1107 1073 1145 bono
1093 1109 1177 1144 viro
1192 1111 1235 1144 et
1249 1111 1379 1154 grato,
1395 1109 1437 1144 in
1452 1119 1501 1145 eo

312 1198 403 1222 cum
419 1198 469 1223 ex
485 1187 571 1232 ipso
586 1184 741 1222 fructus
757 1188 833 1230 est,
849 1188 937 1221 tum
953 1186 1077 1221 etiam
1093 1196 1142 1221 ex
1159 1185 1316 1221 ceteris.
1356 1182 1501 1221 Teme-

314 1264 433 1299 ritate
457 1263 567 1299 enim
594 1265 749 1298 remota
775 1262 1002 1306 gratissima
1029 1264 1093 1297 est
1119 1258 1352 1305 liberalitas,
1373 1271 1495 1306 eoque

313 1351 403 1375 eam
422 1336 638 1375 studiosius
659 1336 842 1383 plerique
867 1335 1049 1382 laudant,
1069 1334 1178 1382 quod
1203 1337 1350 1373 summi
1373 1337 1504 1372 cuius-

311 1427 390 1462 que
407 1414 565 1451 bonitas
581 1426 795 1450 commune
812 1411 1042 1460 perfugium
1055 1416 1119 1449 est
1133 1413 1325 1449 omnium.
1359 1410 1503 1449 Danda

314 1494 437 1538 igitur
463 1503 585 1537 opera
609 1495 684 1536 est,
706 1494 753 1527 ut
777 1492 824 1526 iis
848 1488 1054 1526 beneficiis
1078 1501 1199 1535 quam
1223 1487 1415 1534 plurimos
1441 1486 1500 1525 af-

313 1567 503 1614 ficiamus,
532 1579 701 1613 quorum
731 1567 925 1602 memoria
955 1564 1091 1601 liberis
1124 1566 1376 1611 posterisque
1410 1576 1499 1611 pro-

310 1644 443 1690 datur,
464 1648 510 1681 ut
529 1646 576 1681 iis
601 1645 769 1688 ingratis
796 1654 884 1679 esse
912 1654 993 1678 non
1021 1639 1152 1678 liceat.
1214 1639 1370 1678 Omnes
1389 1642 1499 1678 enim

313 1725 588 1759 immemorem
621 1718 805 1756 beneficii
837 1717 1013 1754 oderunt
1042 1728 1213 1763 eamque
1243 1717 1428 1753 iniuriam
1457 1718 1499 1753 in

309 1797 555 1837 deterrenda
582 1795 826 1833 liberalitate
853 1794 928 1832 sibi
957 1796 1081 1831 etiam
1108 1792 1192 1830 fieri
1222 1805 1410 1839 eumque,
1430 1795 1499 1839 qui

306 1875 440 1920 faciat,
460 1885 717 1911 communem
738 1871 896 1909 hostem
919 1872 1149 1908 tenuiorum
1172 1873 1328 1915 putant.

363 1952 498 1998 Atque
515 1949 614 1987 haec
632 1949 861 1994 benignitas
878 1949 1001 1984 etiam
1018 1948 1074 1982 rei
1093 1944 1275 1992 publicae
1293 1948 1355 1982 est
1371 1944 1494 1992 utilis,

303 2029 445 2068 redimi
463 2040 486 2065 e
502 2028 698 2064 servitute
719 2028 870 2071 captos,
884 2022 1121 2077 locupletari
1138 2024 1363 2065 tenuiores3
1384 2020 1490 2076 quod

416 2087 495 2133 2³4
