1546 2294
191 555 208 588 ἱ
221 559 254 586 73

247 629 299 669 79

248 1649 299 1684 80

627 104 828 143 CICERO
860 105 937 144 DE
966 105 1202 145 OFFICIIS

332 187 540 226 donandas
574 191 735 234 putant,
774 186 1025 225 labefactant
1055 186 1323 226 fundamenta
1355 191 1415 227 rei
1453 202 1527 237 pu-

334 260 473 307 blicae,
487 260 741 298 concordiam
757 262 946 307 primum,
959 273 1062 307 quae
1076 273 1164 299 esse
1176 274 1259 299 non
1272 266 1421 308 potest,
1435 275 1527 300 cum

332 333 418 371 aliis
449 332 696 380 adimuntur,
717 333 804 370 aliis
836 332 1118 371 condonantur
1143 336 1355 381 pecuniae,
1375 334 1527 373 deinde

331 409 593 453 aequitatem,
629 418 732 453 quae
770 405 928 444 tollitur
966 408 1109 452 omnis,
1148 408 1182 444 si
1219 405 1371 445 habere
1409 420 1526 445 suum

331 482 476 527 cuique
507 492 590 516 non
620 478 728 516 licet.
790 477 839 516 Id
866 481 976 516 enim
1003 483 1067 516 est
1092 481 1312 526 proprium,
1333 483 1380 517 ut
1405 492 1526 527 supra

331 552 427 599 dixi,
448 554 622 590 civitatis
642 556 765 598 atque
786 551 910 598 urbis,
930 556 978 589 ut
1007 553 1060 589 sit
1090 550 1218 589 libera
1237 556 1281 590 et
1306 565 1390 590 non
1416 551 1524 590 solli-

329 628 409 663 cita
434 638 529 664 suae
555 627 615 662 rei
642 626 835 671 cuiusque
856 623 1048 662 custodia.
1110 623 1248 671 Atque
1269 626 1311 662 in
1337 623 1414 662 hac
1433 637 1524 672 per-

327 701 434 737 nicie
467 700 527 736 rei
561 697 747 745 publicae
780 709 833 734 ne
866 696 979 734 illam
1010 696 1176 744 quidem
1208 701 1525 744 consequuntur,

327 785 449 819 quam
479 775 640 818 putant,
660 772 854 816 gratiam3
884 782 978 806 nam
1006 772 1070 807 cui
1104 782 1168 807 res
1195 773 1338 817 erepta
1365 774 1440 817 est,
1462 774 1527 808 est

328 846 528 890 inimicus,
548 845 612 881 cui
644 842 741 880 data
772 847 848 889 est,
870 845 994 880 etiam
1021 841 1249 880 dissimulat
1274 855 1318 880 se
1341 844 1525 890 accipere

329 917 500 956 voluisse
516 920 559 955 et
578 917 752 953 maxime
772 917 815 952 in
834 917 1018 962 pecuniis
1033 914 1199 953 creditis
1214 914 1393 953 occultat
1407 927 1521 955 suum

327 989 535 1038 gaudium,
554 1001 608 1027 ne
634 987 820 1026 videatur
845 1000 929 1025 non
959 986 1083 1025 fuisse
1114 985 1328 1032 solvendo;
1358 991 1402 1025 at
1429 999 1524 1026 vero

331 1063 411 1110 'lle,
427 1064 496 1109 qui
511 1053 692 1108 aceepit1
708 1063 908 1106 iniuriam,
925 1064 969 1098 et
988 1062 1177 1098 meminit
1197 1064 1241 1098 et
1259 1072 1355 1107 prae
1375 1072 1419 1098 se
1442 1058 1524 1098 fert

328 1135 510 1174 dolorem
530 1146 661 1180 suum,
682 1145 774 1180 nee,
795 1135 827 1170 si
854 1132 990 1179 plures
1010 1137 1107 1170 sunt
1126 1134 1168 1178 ii,
1189 1132 1334 1179 quibus
1353 1132 1523 1179 inprobe

328 1208 470 1247 datum
497 1211 572 1253 est,
593 1218 715 1252 quam
741 1204 813 1251 illi,
835 1205 980 1251 quibus
1006 1206 1157 1242 iniuste
1183 1203 1422 1251 ademptum
1449 1208 1525 1251 est,

327 1280 478 1319 idcireo
508 1278 598 1326 plus
630 1280 755 1316 etiam
784 1277 942 1322 valent;
974 1289 1056 1314 non
1088 1279 1198 1314 enim
1225 1289 1395 1314 numero
1427 1275 1529 1315 haee

330 1352 571 1398 iudicantur,
593 1350 666 1389 sed
686 1349 878 1397 pondere.
931 1348 1064 1396 Quam
1084 1353 1224 1387 autem
1242 1348 1370 1387 habet
1387 1351 1529 1396 aequi-

329 1431 471 1472 tatem,
504 1429 551 1462 ut
588 1436 731 1470 agrum
762 1422 901 1460 multis
933 1424 1049 1459 annis
1088 1425 1160 1459 aut
1198 1423 1323 1459 etiam
1355 1421 1528 1460 saeculis

329 1503 425 1536 ante
464 1509 704 1544 possessum,
744 1497 814 1542 qui
852 1494 1011 1532 nullum
1057 1493 1215 1540 habuit,
1253 1492 1416 1540 habeat,
1456 1496 1525 1541 qui

328 1575 467 1609 autem
487 1569 642 1614 habuit,
663 1567 850 1605 amittat?

387 1641 544 1680 XXIII.
577 1631 656 1678 Ac2
680 1644 846 1686 propter
872 1638 949 1676 hoc
973 1640 1142 1676 iniuriae
1165 1650 1296 1684 genus
1321 1636 1524 1676 Lacedae-

327 1717 453 1753 monii
470 1711 723 1760 Lysandrum
739 1711 937 1758 ephorum
953 1710 1214 1758 expulerunt,
1229 1710 1352 1757 Agim
1369 1722 1523 1757 regem,

327 1787 435 1836 quod
451 1798 671 1832 numquam
687 1789 809 1822 antea
824 1783 931 1831 apud
948 1796 1016 1821 eos
1029 1781 1247 1829 acciderat,
1261 1786 1527 1828 necaverunt,

326 1871 458 1906 exque
478 1870 527 1896 eo
547 1862 732 1904 tempore
752 1860 892 1894 tantae
914 1854 1140 1893 discordiae
1162 1858 1328 1892 secutae
1349 1858 1457 1900 sunt,
1478 1858 1526 1891 ut

502 1985 656 2027 'accepit
671 1985 699 2016 L
715 1994 745 2023 c,
763 1983 874 2020 Edd.;
903 1982 1037 2024 accipt't
1054 1982 1080 2013 Β
1099 1979 1134 2012 H
1151 1992 1174 2012 a
1191 1980 1214 2013 b
1229 1991 1266 2023 p.

498 2040 576 2073 ’Ac
590 2039 700 2077 Edd.;
724 2041 765 2070 at
779 2037 884 2070 MSS.

435 2097 516 2132 254
