1520 2320
172 613 219 647 11

551 85 752 125 CICERO
783 86 859 125 DE
888 87 1126 129 OFFICIIS

255 166 364 202 enim
384 165 512 203 solum
532 171 670 204 utrum
693 166 911 206 honestum
931 182 983 207 an
1002 174 1123 217 turpe
1143 173 1208 217 sit,
1231 170 1448 212 deliberari

254 229 372 276 solet,
402 230 475 268 sed
509 232 633 268 etiam
667 230 824 270 duobus
855 236 1069 280 propositis
1099 234 1282 274 honestis
1311 241 1448 274 utrum

254 292 477 340 honestius,
497 297 679 342 itemque
703 295 860 334 duobus
889 300 1104 344 propositis
1123 298 1290 338 utilibus
1310 304 1447 338 utrum
1467 300 1470 304 ’

256 357 404 395 utilius.
425 357 501 404 Ita,
518 371 639 406 quam
653 359 723 397 ille
739 360 942 407 triplicem
957 365 1116 408 putavit
1132 375 1219 401 esse
1235 366 1448 411 rationem,

254 423 297 459 in
313 424 491 469 quinque
507 427 642 469 partes
658 422 844 462 distribui
860 425 1011 464 debere
1031 429 1242 473 reperitur.
1268 426 1447 466 Primum

253 488 378 532 igitur
399 491 462 524 est
477 486 529 525 de
544 486 730 535 honesto,
747 488 820 526 sed
835 488 1066 537 dupliciter,
1082 495 1172 530 tum
1186 494 1272 539 pari
1287 494 1444 531 ratione

255 550 307 587 de
327 550 431 596 utili,
452 556 545 597 post
563 551 616 589 de
637 555 937 599 comparatione
958 566 1098 592 eorum
1118 554 1410 594 disserendum.

309 609 377 648 IV.
412 610 612 657 Principio
625 614 769 657 generi
783 615 1048 651 animantium
1064 618 1175 653 omni
1189 620 1253 653 est
1267 629 1290 653 a
1304 620 1449 654 natura

252 669 464 717 tributum,
480 674 528 708 ut
546 682 602 717 se,
621 673 744 708 vitam
759 684 984 719 corpusque
999 678 1175 722 tueatur,
1191 674 1373 714 declinet
1387 688 1448 723 ea,

253 742 357 776 quae
377 732 561 768 nocitura
579 730 806 778 videantur,
827 735 1056 779 omniaque,
1075 746 1179 780 quae
1205 737 1288 773 sint
1312 734 1365 773 ad
1390 738 1448 773 vi-

253 789 432 827 vendum
450 792 688 836 necessaria,
707 793 895 838 anquirat
917 797 962 830 et
986 797 1116 840 paret,
1135 799 1183 832 ut
1207 799 1381 842 pastum,
1401 799 1449 833 ut

252 849 434 896 latibula,
454 854 502 887 ut
527 849 605 887 alia
630 853 793 896 generis
819 851 1012 890 eiusdem.
1075 853 1298 892 Commune
1323 847 1447 893 item¹

252 911 519 947 animantium
539 912 720 947 omnium
741 914 804 948 est
824 913 1118 950 coniunctionis
1133 913 1339 960 adpetitus
1354 927 1444 962 pro-

253 969 417 1007 creandi
433 982 550 1007 causa
567 974 610 1007 et
625 982 720 1007 cura
733 970 933 1016 quaedam
949 984 1100 1019 eorum,
1117 985 1221 1020 quae
1235 979 1445 1021 procreata

252 1032 335 1067 sint
343 1021 372 1074 ²;
401 1029 474 1067 sed
493 1031 602 1066 inter
621 1029 828 1067 hominem
849 1035 893 1068 et
911 1031 1073 1069 beluam
1093 1031 1170 1070 hoc
1189 1036 1362 1072 maxime
1381 1037 1442 1072 in-

252 1093 394 1135 terest,
418 1088 527 1135 quod
553 1088 653 1126 haec
679 1094 854 1136 tantum,
875 1095 1072 1137 quantum
1098 1105 1219 1130 sensu
1244 1098 1443 1143 movetur,

251 1148 303 1186 ad
316 1148 357 1186 id
365 1148 507 1194 solum,
518 1147 625 1195 quod
633 1147 750 1186 adest
757 1148 946 1196 quodque
955 1163 1144 1197 praesens
1153 1156 1228 1198 est,
1237 1165 1280 1190 se
1288 1166 1443 1191 accom-

251 1207 391 1245 modat
409 1207 574 1254 paulum
588 1207 807 1246 admodum
822 1211 1003 1247 sentiens
1017 1214 1283 1257 praeteritum
1297 1218 1368 1251 aut
1382 1212 1444 1251 fu-

250 1272 408 1312 turum;
430 1266 550 1304 homo
569 1271 720 1314 autem,
741 1267 849 1314 quod
869 1271 1034 1307 rationis
1055 1275 1118 1308 est
1137 1274 1353 1320 particeps,
1372 1285 1446 1320 per

251 1340 371 1374 quam
392 1329 683 1373 consequentia
697 1330 840 1374 cernit,
857 1341 993 1366 causas
1009 1342 1144 1368 rerum
1158 1330 1272 1369 videt
1288 1344 1443 1370 earum-

251 1399 330 1433 que
354 1378 630 1433 praegressus³
649 1390 692 1424 et
711 1390 823 1433 quasi
843 1391 1142 1427 antecessiones
1161 1402 1245 1428 non
1269 1392 1443 1442 ignorat,

250 1445 535 1484 similitudines
547 1451 753 1493 comparat
760 1447 960 1494 rebusque
969 1449 1249 1494 praesentibus
1256 1450 1443 1498 adiungit

249 1511 372 1552 atque
384 1508 569 1543 annectit
583 1505 752 1552 futuras,
765 1505 883 1544 facile
899 1510 1024 1545 totius
1036 1510 1143 1547 vitae
1155 1521 1315 1547 cursum
1328 1510 1441 1550 videt

248 1565 300 1604 ad
320 1577 489 1611 eamque
509 1564 740 1611 degendam
758 1571 971 1612 praeparat
990 1579 1053 1604 res
1071 1571 1325 1607 necessarias.

304 1624 539 1671 Eademque
573 1629 717 1662 natura
747 1627 786 1662 vi
814 1628 980 1663 rationis
1011 1625 1219 1665 hominem
1252 1629 1440 1668 conciliat

246 1683 400 1722 homini
421 1689 464 1722 et
489 1684 541 1722 ad
567 1686 758 1722 orationis
785 1689 829 1722 et
854 1684 907 1723 ad
927 1688 1033 1724 vitae
1061 1689 1298 1725 societatem
1324 1690 1439 1736 inge-

293 1760 397 1792 ¹item
416 1760 611 1799 Manutius,
632 1760 741 1798 Edd.;
758 1763 878 1793 autem
898 1761 1001 1794 MSS.

290 1802 304 1822 ‘⁴³
310 1806 494 1845 procreata
515 1804 593 1836 sint
617 1804 643 1835 B
671 1804 703 1836 H
730 1815 752 1836 a
769 1804 814 1842 b;
832 1808 1019 1847 procreata
1041 1809 1129 1838 sunt
1142 1806 1174 1838 A
1189 1805 1249 1848 (Ρ),
1270 1806 1344 1846 Bt.;
1355 1812 1437 1851 pro-

251 1851 420 1880 creantur
432 1858 463 1880 c.
510 1846 524 1868 ³
527 1852 758 1890 praegressus
772 1847 804 1880 A
823 1848 856 1881 H
874 1859 897 1881 a
913 1848 946 1889 b,
968 1849 1078 1888 Edd.;
1088 1854 1294 1892 progressus
1310 1851 1339 1883 B
1355 1862 1386 1885 c.

277 1965 374 1997 aFor
392 1965 588 1998 Panaetius
603 1976 679 1998 was
695 1976 719 1998 a
735 1965 845 2005 Stoic,
861 1966 935 1998 and
952 1967 1012 1999 the
1029 1966 1148 1999 Stoics
1161 1967 1224 2000 did
1239 1971 1302 2001 not
1312 1968 1429 2002 admit

243 2009 324 2041 that
339 2009 440 2041 there
458 2020 551 2041 were
568 2019 641 2052 any
658 2009 814 2052 degrees
830 2010 873 2042 of
883 2010 982 2052 right
998 2020 1040 2042 or
1052 2021 1193 2054 wrong.

355 2065 405 2099 12
