1546 2294
208 1233 259 1272 47

589 109 789 149 CICERO
820 111 897 150 DE
927 113 1000 152 OF
1001 113 1034 152 F
1035 113 1163 155 ICIIS

294 192 461 237 speeies,
493 190 627 230 valeat
665 191 876 241 honestas;
917 209 1010 234 cum
1047 202 1186 237 autem
1223 202 1267 238 in
1299 198 1490 248 amicitia,¹

297 299 400 333 quae
415 285 588 326 honesta
606 302 690 327 non
709 295 817 338 sunt,
831 292 1158 342 postulabuntur,
1170 295 1314 344 religio
1329 302 1373 336 et
1391 297 1492 337 fides

296 389 569 432 anteponatur
594 389 805 427 amicitiae.
868 388 935 428 Sic
966 389 1183 430 habebitur
1205 394 1252 440 is,
1272 406 1395 441 quem
1421 407 1489 433 ex-

293 484 500 530 quirimus,
521 482 694 523 dilectus
715 486 842 524 officii.

348 578 421 617 XI.
454 579 536 619 Sed
563 581 751 621 utilitatis
774 586 909 631 specie
933 586 976 623 in
1000 599 1044 624 re
1068 586 1229 634 publica
1253 590 1485 636 saepissime

292 677 497 720 peccatur,
515 678 564 712 ut
582 675 625 711 in
653 674 836 714 Corinthi
857 676 1152 717 disturbatione
1171 682 1320 726 nostri;
1348 679 1487 719 durius

292 767 416 802 etiam
447 764 735 814 Athenienses,
757 769 826 815 qui
857 770 1074 817 sciverunt,
1095 775 1143 809 ut
1169 770 1397 820 Aeginetis,
1417 774 1487 820 qui

292 857 417 896 classe
437 857 640 906 valebant,
661 860 827 907 pollices
847 862 1190 909 praeciderentur.
1243 864 1336 902 Hoc
1356 867 1485 903 visum

292 955 355 989 est
374 950 497 997 utile;
525 953 645 991 nimis
666 955 775 991 enim
795 955 1036 994 imminebat
1064 961 1231 1004 propter
1250 959 1484 1004 propinqui-

292 1048 420 1082 tatem
435 1043 595 1091 Aegina
617 1044 766 1084 Piraeo.
805 1046 887 1086 Sed
907 1047 1022 1094 nihil,
1039 1047 1148 1096 quod
1168 1048 1346 1096 crudele,
1360 1049 1462 1088 utile
1473 1063 1484 1096 ;

291 1142 354 1175 est
385 1139 494 1175 enim
525 1137 736 1177 hominum
766 1145 950 1188 naturae,
976 1154 1096 1188 quam
1127 1144 1242 1189 sequi
1272 1141 1482 1190 debemus,

290 1232 464 1269 maxime
490 1233 652 1269 inimica
679 1231 906 1271 crudelitas.
969 1233 1078 1273 Male
1111 1236 1247 1282 etiam,
1267 1237 1336 1282 qui
1367 1249 1483 1284 pere-

290 1325 426 1370 grinos
446 1322 612 1361 urbibus
631 1326 693 1362 uti
718 1324 939 1372 prohibent
959 1339 1107 1373 eosque
1129 1329 1418 1375 exterminant,
1437 1334 1484 1367 ut

292 1415 453 1454 Pennus
483 1415 592 1463 apud
630 1421 766 1464 patres
797 1423 968 1466 nostros,
1003 1418 1147 1466 Papius
1178 1432 1318 1467 nuper.
1378 1421 1483 1460 Nam

289 1522 376 1547 esse
392 1521 464 1555 pro
479 1511 579 1556 cive,
596 1512 665 1557 qui
686 1513 781 1549 civis
801 1524 884 1550 non
899 1514 964 1558 sit,
980 1516 1138 1551 rectum
1154 1517 1218 1552 est
1236 1526 1319 1551 non
1338 1513 1482 1561 licere;

288 1611 409 1645 quam
431 1597 567 1644 legem
591 1598 776 1637 tulerunt
802 1602 1087 1647 sapientissimi
1107 1601 1292 1642 eonsules
1318 1603 1480 1643 Crassus

287 1692 330 1726 et
364 1686 575 1733 Scaevola;
619 1701 693 1727 usu
725 1701 819 1727 vero
851 1689 960 1728 urbis
999 1689 1214 1738 prohibere
1246 1694 1480 1739 peregrinos

286 1789 382 1815 sane
402 1775 668 1816 inhumanum
688 1783 761 1816 est.

343 1866 417 1904 Illa
437 1867 654 1915 praeclara,
673 1870 716 1905 in
737 1869 882 1915 quibus
909 1869 1095 1916 publicae
1115 1869 1304 1910 utilitatis
1323 1873 1478 1919 species

285 1969 380 2005 prae
401 1955 615 1995 honestate
637 1960 922 1997 contemnitur.
972 1958 1096 1997 Plena
1117 1959 1394 2007 exemplorum
1413 1965 1478 2000 est

279 2053 416 2087 nostra
449 2059 512 2084 res
546 2047 706 2093 publica
737 2061 829 2086 cum
863 2061 996 2096 saepe,
1029 2053 1118 2087 tum
1151 2051 1326 2087 maxime
1365 2049 1474 2088 bello

391 2110 470 2142 314
