<?xml version="1.0" encoding="UTF-8"?>
<!DOCTYPE html PUBLIC "-//W3C//DTD XHTML 1.0 Transitional//EN"
    "http://www.w3.org/TR/xhtml1/DTD/xhtml1-transitional.dtd">
<html xmlns="http://www.w3.org/1999/xhtml" xml:lang="en" lang="en">
 <head>
  <title>
</title>
<meta http-equiv="Content-Type" content="text/html;charset=utf-8" />
  <meta name='ocr-system' content='tesseract 3.04.00' />
  <meta name='ocr-capabilities' content='ocr_page ocr_carea ocr_par ocr_line ocrx_word'/>
</head>
<body>
  <div class='ocr_page' id='page_1' title='image "./deofficiiswithen00ciceuoft_0374.png"; bbox 0 0 1546 2294; ppageno 0'>
   <div class='ocr_carea' id='block_1_1' title="bbox 176 256 227 295">
    <p class='ocr_par' dir='ltr' id='par_1_1' title="bbox 176 256 227 295">
     <span class='ocr_line' id='line_1_1' title="bbox 176 256 227 295; baseline -0.078 0"><span class='ocrx_word' id='word_1_1' title='bbox 176 256 227 295; x_wconf 87' lang='lat'><strong>78</strong></span> 
     </span>
    </p>
   </div>
   <div class='ocr_carea' id='block_1_2' title="bbox 177 823 229 862">
    <p class='ocr_par' dir='ltr' id='par_1_2' title="bbox 177 823 229 862">
     <span class='ocr_line' id='line_1_2' title="bbox 177 823 229 862; baseline 0.019 -1"><span class='ocrx_word' id='word_1_2' title='bbox 177 823 229 862; x_wconf 85' lang='lat'><strong>79</strong></span> 
     </span>
    </p>
   </div>
   <div class='ocr_carea' id='block_1_3' title="bbox 172 1916 223 1950">
    <p class='ocr_par' dir='ltr' id='par_1_3' title="bbox 172 1916 223 1950">
     <span class='ocr_line' id='line_1_3' title="bbox 172 1916 223 1950; baseline -0.02 0"><span class='ocrx_word' id='word_1_3' title='bbox 172 1916 223 1950; x_wconf 90' lang='lat'><strong>80</strong></span> 
     </span>
    </p>
   </div>
   <div class='ocr_carea' id='block_1_4' title="bbox 555 91 1131 132">
    <p class='ocr_par' dir='ltr' id='par_1_4' title="bbox 555 91 1131 132">
     <span class='ocr_line' id='line_1_4' title="bbox 555 91 1131 132; baseline 0.003 -3"><span class='ocrx_word' id='word_1_4' title='bbox 555 91 755 130; x_wconf 89' lang='lat' dir='ltr'>CICERO</span> <span class='ocrx_word' id='word_1_5' title='bbox 787 91 864 129; x_wconf 90' lang='lat' dir='ltr'><strong>DE</strong></span> <span class='ocrx_word' id='word_1_6' title='bbox 893 91 1131 132; x_wconf 91' lang='lat' dir='ltr'>OFFICIIS</span> 
     </span>
    </p>
   </div>
   <div class='ocr_carea' id='block_1_5' title="bbox 258 172 1541 1189">
    <p class='ocr_par' dir='ltr' id='par_1_5' title="bbox 258 172 1455 222">
     <span class='ocr_line' id='line_1_5' title="bbox 258 172 1455 222; baseline 0.003 -11"><span class='ocrx_word' id='word_1_7' title='bbox 258 173 416 220; x_wconf 84' lang='lat' dir='ltr'><strong>deceat,</strong></span> <span class='ocrx_word' id='word_1_8' title='bbox 438 175 596 213; x_wconf 88' lang='lat' dir='ltr'><strong>etiamsi</strong></span> <span class='ocrx_word' id='word_1_9' title='bbox 617 172 660 210; x_wconf 89' lang='lat' dir='ltr'><strong>id</strong></span> <span class='ocrx_word' id='word_1_10' title='bbox 679 175 806 220; x_wconf 89' lang='lat' dir='ltr'><strong>possis</strong></span> <span class='ocrx_word' id='word_1_11' title='bbox 826 172 939 212; x_wconf 92' lang='lat' dir='ltr'><strong>nullo</strong></span> <span class='ocrx_word' id='word_1_12' title='bbox 958 173 1176 212; x_wconf 81' lang='lat' dir='ltr'><strong>refellente</strong></span> <span class='ocrx_word' id='word_1_13' title='bbox 1196 176 1409 222; x_wconf 75' lang='lat' dir='ltr'><strong>optinere?</strong></span> <span class='ocrx_word' id='word_1_14' title='bbox 1453 187 1455 190; x_wconf 83' lang='lat'>&#39;</span> 
     </span>
    </p>

    <p class='ocr_par' dir='ltr' id='par_1_6' title="bbox 259 253 1541 785">
     <span class='ocr_line' id='line_1_6' title="bbox 315 253 1459 304; baseline 0.003 -13"><span class='ocrx_word' id='word_1_15' title='bbox 315 254 494 292; x_wconf 88' lang='lat' dir='ltr'><strong>Videsne</strong></span> <span class='ocrx_word' id='word_1_16' title='bbox 535 253 610 291; x_wconf 90' lang='lat' dir='ltr'><strong>hoc</strong></span> <span class='ocrx_word' id='word_1_17' title='bbox 650 254 862 301; x_wconf 90' lang='lat' dir='ltr'><strong>proverbio</strong></span> <span class='ocrx_word' id='word_1_18' title='bbox 901 267 1036 301; x_wconf 89' lang='lat' dir='ltr'><strong>neque</strong></span> <span class='ocrx_word' id='word_1_19' title='bbox 1076 255 1184 303; x_wconf 87' lang='lat' dir='ltr'>Gygi</span> <span class='ocrx_word' id='word_1_20' title='bbox 1231 255 1291 294; x_wconf 91' lang='lat' dir='ltr'><strong>illi</strong></span> <span class='ocrx_word' id='word_1_21' title='bbox 1340 253 1459 304; x_wconf 80' lang='lat' dir='ltr'><strong>posse</strong></span> 
     </span>
     <span class='ocr_line' id='line_1_7' title="bbox 259 324 1541 384; baseline 0.004 -13"><span class='ocrx_word' id='word_1_22' title='bbox 259 337 418 372; x_wconf 87' lang='lat' dir='ltr'><strong>veniam</strong></span> <span class='ocrx_word' id='word_1_23' title='bbox 439 333 525 372; x_wconf 87' lang='lat' dir='ltr'><strong>dari</strong></span> <span class='ocrx_word' id='word_1_24' title='bbox 545 347 679 381; x_wconf 91' lang='lat' dir='ltr'><strong>neque</strong></span> <span class='ocrx_word' id='word_1_25' title='bbox 707 333 815 380; x_wconf 88' lang='lat' dir='ltr'><strong>huic,</strong></span> <span class='ocrx_word' id='word_1_26' title='bbox 836 347 959 381; x_wconf 89' lang='lat' dir='ltr'><strong>quem</strong></span> <span class='ocrx_word' id='word_1_27' title='bbox 989 334 1110 382; x_wconf 92' lang='lat' dir='ltr'><strong>paulo</strong></span> <span class='ocrx_word' id='word_1_28' title='bbox 1128 340 1226 374; x_wconf 86' lang='lat' dir='ltr'><strong>ante</strong></span> <span class='ocrx_word' id='word_1_29' title='bbox 1254 335 1460 384; x_wconf 86' lang='lat' dir='ltr'><strong>fingebam</strong></span> <span class='ocrx_word' id='word_1_30' title='bbox 1532 324 1541 356; x_wconf 44' lang='lat'><em>7</em></span> 
     </span>
     <span class='ocr_line' id='line_1_8' title="bbox 259 398 1460 465; baseline 0.003 -13"><span class='ocrx_word' id='word_1_31' title='bbox 259 398 482 461; x_wconf 78' lang='lat' dir='ltr'><strong>digitorum</strong></span> <span class='ocrx_word' id='word_1_32' title='bbox 524 418 783 462; x_wconf 83' lang='lat' dir='ltr'><strong>percussione</strong></span> <span class='ocrx_word' id='word_1_33' title='bbox 827 414 1080 454; x_wconf 79' lang='lat' dir='ltr'><strong>hereditates</strong></span> <span class='ocrx_word' id='word_1_34' title='bbox 1120 420 1301 455; x_wconf 87' lang='lat' dir='ltr'><strong>omnium</strong></span> <span class='ocrx_word' id='word_1_35' title='bbox 1340 406 1460 465; x_wconf 82' lang='lat' dir='ltr'><strong>posse</strong></span> 
     </span>
     <span class='ocr_line' id='line_1_9' title="bbox 260 496 1457 546; baseline 0.003 -13"><span class='ocrx_word' id='word_1_36' title='bbox 260 496 528 534; x_wconf 89' lang='lat' dir='ltr'><strong>converrere?</strong></span> <span class='ocrx_word' id='word_1_37' title='bbox 580 496 638 534; x_wconf 89' lang='lat' dir='ltr'><strong>Ut</strong></span> <span class='ocrx_word' id='word_1_38' title='bbox 667 498 790 543; x_wconf 89' lang='lat' dir='ltr'><strong>enim,</strong></span> <span class='ocrx_word' id='word_1_39' title='bbox 811 496 920 543; x_wconf 90' lang='lat' dir='ltr'><strong>quod</strong></span> <span class='ocrx_word' id='word_1_40' title='bbox 953 501 1069 544; x_wconf 85' lang='lat' dir='ltr'><strong>turpe</strong></span> <span class='ocrx_word' id='word_1_41' title='bbox 1099 502 1175 544; x_wconf 89' lang='lat' dir='ltr'><strong>est,</strong></span> <span class='ocrx_word' id='word_1_42' title='bbox 1196 497 1251 545; x_wconf 91' lang='lat' dir='ltr'><strong>id,</strong></span> <span class='ocrx_word' id='word_1_43' title='bbox 1273 501 1457 546; x_wconf 82' lang='lat' dir='ltr'><strong>quamvis</strong></span> 
     </span>
     <span class='ocr_line' id='line_1_10' title="bbox 260 576 1455 627; baseline 0.003 -13"><span class='ocrx_word' id='word_1_44' title='bbox 260 577 501 623; x_wconf 84' lang='lat' dir='ltr'><strong>occultetur,</strong></span> <span class='ocrx_word' id='word_1_45' title='bbox 522 582 662 614; x_wconf 86' lang='lat' dir='ltr'><strong>tamen</strong></span> <span class='ocrx_word' id='word_1_46' title='bbox 681 576 900 615; x_wconf 89' lang='lat' dir='ltr'><strong>honestum</strong></span> <span class='ocrx_word' id='word_1_47' title='bbox 920 577 1006 615; x_wconf 89' lang='lat' dir='ltr'><strong>fieri</strong></span> <span class='ocrx_word' id='word_1_48' title='bbox 1026 577 1138 616; x_wconf 90' lang='lat' dir='ltr'><strong>nullo</strong></span> <span class='ocrx_word' id='word_1_49' title='bbox 1157 578 1279 617; x_wconf 93' lang='lat' dir='ltr'><strong>modo</strong></span> <span class='ocrx_word' id='word_1_50' title='bbox 1304 584 1455 627; x_wconf 80' lang='lat' dir='ltr'><strong>potest,</strong></span> 
     </span>
     <span class='ocr_line' id='line_1_11' title="bbox 259 657 1456 706; baseline 0.003 -11"><span class='ocrx_word' id='word_1_51' title='bbox 259 660 329 704; x_wconf 90' lang='lat' dir='ltr'><strong>sic,</strong></span> <span class='ocrx_word' id='word_1_52' title='bbox 350 657 459 704; x_wconf 91' lang='lat' dir='ltr'><strong>quod</strong></span> <span class='ocrx_word' id='word_1_53' title='bbox 478 657 697 695; x_wconf 84' lang='lat' dir='ltr'><strong>honestum</strong></span> <span class='ocrx_word' id='word_1_54' title='bbox 716 671 798 695; x_wconf 91' lang='lat' dir='ltr'><strong>non</strong></span> <span class='ocrx_word' id='word_1_55' title='bbox 819 662 894 704; x_wconf 88' lang='lat' dir='ltr'><strong>est,</strong></span> <span class='ocrx_word' id='word_1_56' title='bbox 915 657 957 695; x_wconf 93' lang='lat' dir='ltr'><strong>id</strong></span> <span class='ocrx_word' id='word_1_57' title='bbox 978 658 1079 696; x_wconf 88' lang='lat' dir='ltr'><strong>utile</strong></span> <span class='ocrx_word' id='word_1_58' title='bbox 1099 664 1146 697; x_wconf 89' lang='lat' dir='ltr'><strong>ut</strong></span> <span class='ocrx_word' id='word_1_59' title='bbox 1166 662 1233 706; x_wconf 90' lang='lat' dir='ltr'><strong>sit,</strong></span> <span class='ocrx_word' id='word_1_60' title='bbox 1252 659 1354 697; x_wconf 89' lang='lat' dir='ltr'><strong>effici</strong></span> <span class='ocrx_word' id='word_1_61' title='bbox 1373 673 1456 698; x_wconf 86' lang='lat' dir='ltr'><strong>non</strong></span> 
     </span>
     <span class='ocr_line' id='line_1_12' title="bbox 259 738 1175 785; baseline 0.001 -9"><span class='ocrx_word' id='word_1_62' title='bbox 259 743 398 785; x_wconf 90' lang='lat' dir='ltr'><strong>potest</strong></span> <span class='ocrx_word' id='word_1_63' title='bbox 417 738 659 776; x_wconf 88' lang='lat' dir='ltr'><strong>adversante</strong></span> <span class='ocrx_word' id='word_1_64' title='bbox 679 743 723 776; x_wconf 90' lang='lat' dir='ltr'><strong>et</strong></span> <span class='ocrx_word' id='word_1_65' title='bbox 743 744 999 785; x_wconf 88' lang='lat' dir='ltr'><strong>repugnante</strong></span> <span class='ocrx_word' id='word_1_66' title='bbox 1020 744 1175 777; x_wconf 81' lang='lat' dir='ltr'><strong>natura.</strong></span> 
     </span>
    </p>

    <p class='ocr_par' dir='ltr' id='par_1_7' title="bbox 260 818 1459 952">
     <span class='ocr_line' id='line_1_13' title="bbox 315 818 1459 868; baseline 0.004 -13"><span class='ocrx_word' id='word_1_67' title='bbox 315 818 404 856; x_wconf 91' lang='lat' dir='ltr'><strong>XX.</strong></span> <span class='ocrx_word' id='word_1_68' title='bbox 437 819 495 856; x_wconf 94' lang='lat' dir='ltr'><strong>At</strong></span> <span class='ocrx_word' id='word_1_69' title='bbox 529 821 652 864; x_wconf 91' lang='lat' dir='ltr'><strong>enim,</strong></span> <span class='ocrx_word' id='word_1_70' title='bbox 683 831 773 856; x_wconf 90' lang='lat' dir='ltr'><strong>cum</strong></span> <span class='ocrx_word' id='word_1_71' title='bbox 807 831 1028 865; x_wconf 85' lang='lat' dir='ltr'><strong>permagna</strong></span> <span class='ocrx_word' id='word_1_72' title='bbox 1057 822 1235 866; x_wconf 82' lang='lat' dir='ltr'><strong>praemia</strong></span> <span class='ocrx_word' id='word_1_73' title='bbox 1263 825 1372 868; x_wconf 88' lang='lat' dir='ltr'><strong>sunt,</strong></span> <span class='ocrx_word' id='word_1_74' title='bbox 1393 826 1459 860; x_wconf 88' lang='lat' dir='ltr'><strong>est</strong></span> 
     </span>
     <span class='ocr_line' id='line_1_14' title="bbox 260 899 622 952; baseline -0.003 -15"><span class='ocrx_word' id='word_1_75' title='bbox 260 913 378 937; x_wconf 87' lang='lat' dir='ltr'><strong>causa</strong></span> <span class='ocrx_word' id='word_1_76' title='bbox 398 899 622 952; x_wconf 36' lang='lat' dir='ltr'><strong>peccandi„</strong></span> 
     </span>
    </p>

    <p class='ocr_par' dir='ltr' id='par_1_8' title="bbox 258 979 1457 1189">
     <span class='ocr_line' id='line_1_15' title="bbox 314 979 1457 1028; baseline 0.003 -10"><span class='ocrx_word' id='word_1_77' title='bbox 314 980 356 1018; x_wconf 92' lang='lat' dir='ltr'><strong>C.</strong></span> <span class='ocrx_word' id='word_1_78' title='bbox 380 980 532 1018; x_wconf 90' lang='lat' dir='ltr'><strong>Marius</strong></span> <span class='ocrx_word' id='word_1_79' title='bbox 553 993 645 1017; x_wconf 90' lang='lat' dir='ltr'><strong>cum</strong></span> <span class='ocrx_word' id='word_1_80' title='bbox 665 994 689 1017; x_wconf 82' lang='lat' dir='ltr'>a</span> <span class='ocrx_word' id='word_1_81' title='bbox 708 993 779 1027; x_wconf 91' lang='lat' dir='ltr'><strong>spe</strong></span> <span class='ocrx_word' id='word_1_82' title='bbox 807 979 1038 1018; x_wconf 87' lang='lat' dir='ltr'><strong>consulatus</strong></span> <span class='ocrx_word' id='word_1_83' title='bbox 1068 979 1191 1028; x_wconf 88' lang='lat' dir='ltr'><strong>longe</strong></span> <span class='ocrx_word' id='word_1_84' title='bbox 1220 981 1382 1020; x_wconf 83' lang='lat' dir='ltr'><strong>abesset</strong></span> <span class='ocrx_word' id='word_1_85' title='bbox 1411 987 1457 1023; x_wconf 80' lang='lat' dir='ltr'><strong>et</strong></span> 
     </span>
     <span class='ocr_line' id='line_1_16' title="bbox 258 1051 1453 1109; baseline 0.001 -10"><span class='ocrx_word' id='word_1_86' title='bbox 258 1051 356 1099; x_wconf 88' lang='lat' dir='ltr'><strong>iam1</strong></span> <span class='ocrx_word' id='word_1_87' title='bbox 371 1063 590 1107; x_wconf 89' lang='lat' dir='ltr'><strong>septimum</strong></span> <span class='ocrx_word' id='word_1_88' title='bbox 610 1073 762 1097; x_wconf 89' lang='lat' dir='ltr'><strong>annum</strong></span> <span class='ocrx_word' id='word_1_89' title='bbox 778 1065 869 1107; x_wconf 87' lang='lat' dir='ltr'><strong>post</strong></span> <span class='ocrx_word' id='word_1_90' title='bbox 888 1065 1119 1107; x_wconf 86' lang='lat' dir='ltr'><strong>praeturam</strong></span> <span class='ocrx_word' id='word_1_91' title='bbox 1139 1063 1304 1108; x_wconf 84' lang='lat' dir='ltr'><strong>iaceret,</strong></span> <span class='ocrx_word' id='word_1_92' title='bbox 1318 1075 1453 1109; x_wconf 93' lang='lat' dir='ltr'><strong>neque</strong></span> 
     </span>
     <span class='ocr_line' id='line_1_17' title="bbox 259 1139 1454 1189; baseline 0.002 -10"><span class='ocrx_word' id='word_1_93' title='bbox 259 1144 461 1189; x_wconf 80' lang='lat' dir='ltr'><strong>petiturus</strong></span> <span class='ocrx_word' id='word_1_94' title='bbox 491 1154 682 1187; x_wconf 85' lang='lat' dir='ltr'><strong>umquam</strong></span> <span class='ocrx_word' id='word_1_95' title='bbox 712 1140 967 1178; x_wconf 89' lang='lat' dir='ltr'><strong>consulatum</strong></span> <span class='ocrx_word' id='word_1_96' title='bbox 987 1140 1206 1187; x_wconf 91' lang='lat' dir='ltr'><strong>videretur,</strong></span> <span class='ocrx_word' id='word_1_97' title='bbox 1228 1139 1278 1188; x_wconf 84' lang='lat' dir='ltr'><strong>Q.</strong></span> <span class='ocrx_word' id='word_1_98' title='bbox 1303 1140 1454 1181; x_wconf 85' lang='lat' dir='ltr'><strong>Metel-</strong></span> 
     </span>
    </p>
   </div>
   <div class='ocr_carea' id='block_1_6' title="bbox 258 1220 1453 1270">
    <p class='ocr_par' dir='ltr' id='par_1_9' title="bbox 258 1220 1453 1270">
     <span class='ocr_line' id='line_1_18' title="bbox 258 1220 1453 1270; baseline 0 -10"><span class='ocrx_word' id='word_1_99' title='bbox 258 1223 356 1268; x_wconf 90' lang='lat' dir='ltr'><strong>lum,</strong></span> <span class='ocrx_word' id='word_1_100' title='bbox 387 1223 500 1259; x_wconf 90' lang='lat' dir='ltr'><strong>cuius</strong></span> <span class='ocrx_word' id='word_1_101' title='bbox 532 1220 692 1267; x_wconf 85' lang='lat' dir='ltr'><strong>legatus</strong></span> <span class='ocrx_word' id='word_1_102' title='bbox 723 1226 823 1267; x_wconf 86' lang='lat' dir='ltr'><strong>erat,</strong></span> <span class='ocrx_word' id='word_1_103' title='bbox 845 1234 1046 1258; x_wconf 89' lang='lat' dir='ltr'><strong>summum</strong></span> <span class='ocrx_word' id='word_1_104' title='bbox 1076 1224 1206 1259; x_wconf 89' lang='lat' dir='ltr'><strong>virum</strong></span> <span class='ocrx_word' id='word_1_105' title='bbox 1235 1226 1279 1260; x_wconf 88' lang='lat' dir='ltr'><strong>et</strong></span> <span class='ocrx_word' id='word_1_106' title='bbox 1309 1225 1453 1270; x_wconf 88' lang='lat' dir='ltr'><strong>civem,</strong></span> 
     </span>
    </p>
   </div>
   <div class='ocr_carea' id='block_1_7' title="bbox 254 1301 1454 1882">
    <p class='ocr_par' dir='ltr' id='par_1_10' title="bbox 254 1301 1454 1882">
     <span class='ocr_line' id='line_1_19' title="bbox 258 1301 1453 1350; baseline 0.002 -10"><span class='ocrx_word' id='word_1_107' title='bbox 258 1316 349 1340; x_wconf 90' lang='lat' dir='ltr'><strong>cum</strong></span> <span class='ocrx_word' id='word_1_108' title='bbox 383 1302 434 1339; x_wconf 86' lang='lat' dir='ltr'><strong>ab</strong></span> <span class='ocrx_word' id='word_1_109' title='bbox 474 1314 535 1348; x_wconf 92' lang='lat' dir='ltr'><strong>eo,</strong></span> <span class='ocrx_word' id='word_1_110' title='bbox 567 1304 811 1348; x_wconf 81' lang='lat' dir='ltr'><strong>imperatore</strong></span> <span class='ocrx_word' id='word_1_111' title='bbox 842 1314 926 1348; x_wconf 91' lang='lat' dir='ltr'><strong>suo,</strong></span> <span class='ocrx_word' id='word_1_112' title='bbox 960 1301 1127 1339; x_wconf 85' lang='lat' dir='ltr'><strong>Romam</strong></span> <span class='ocrx_word' id='word_1_113' title='bbox 1157 1305 1301 1340; x_wconf 89' lang='lat' dir='ltr'><strong>missus</strong></span> <span class='ocrx_word' id='word_1_114' title='bbox 1331 1308 1453 1350; x_wconf 83' lang='lat' dir='ltr'><strong>esset,</strong></span> 
     </span>
     <span class='ocr_line' id='line_1_20' title="bbox 256 1377 1452 1426; baseline 0.001 -10"><span class='ocrx_word' id='word_1_115' title='bbox 256 1379 365 1426; x_wconf 87' lang='lat' dir='ltr'><strong>apud</strong></span> <span class='ocrx_word' id='word_1_116' title='bbox 382 1377 577 1425; x_wconf 90' lang='lat' dir='ltr'><strong>populum</strong></span> <span class='ocrx_word' id='word_1_117' title='bbox 596 1377 821 1414; x_wconf 84' lang='lat' dir='ltr'><strong>Romanum</strong></span> <span class='ocrx_word' id='word_1_118' title='bbox 837 1380 1072 1415; x_wconf 85' lang='lat' dir='ltr'><strong>criminatus</strong></span> <span class='ocrx_word' id='word_1_119' title='bbox 1089 1382 1152 1415; x_wconf 90' lang='lat' dir='ltr'><strong>est</strong></span> <span class='ocrx_word' id='word_1_120' title='bbox 1168 1377 1321 1416; x_wconf 91' lang='lat' dir='ltr'><strong>bellum</strong></span> <span class='ocrx_word' id='word_1_121' title='bbox 1337 1378 1452 1417; x_wconf 92' lang='lat' dir='ltr'><strong>illum</strong></span> 
     </span>
     <span class='ocr_line' id='line_1_21' title="bbox 257 1452 1453 1500; baseline 0 -8"><span class='ocrx_word' id='word_1_122' title='bbox 257 1455 428 1499; x_wconf 90' lang='lat' dir='ltr'><strong>ducere;</strong></span> <span class='ocrx_word' id='word_1_123' title='bbox 459 1456 492 1491; x_wconf 90' lang='lat' dir='ltr'><strong>si</strong></span> <span class='ocrx_word' id='word_1_124' title='bbox 512 1466 556 1491; x_wconf 86' lang='lat' dir='ltr'><strong>sc</strong></span> <span class='ocrx_word' id='word_1_125' title='bbox 578 1452 786 1490; x_wconf 87' lang='lat' dir='ltr'><strong>consulem</strong></span> <span class='ocrx_word' id='word_1_126' title='bbox 807 1452 1013 1499; x_wconf 86' lang='lat' dir='ltr'><strong>fecissent,</strong></span> <span class='ocrx_word' id='word_1_127' title='bbox 1035 1453 1147 1490; x_wconf 89' lang='lat' dir='ltr'><strong>brevi</strong></span> <span class='ocrx_word' id='word_1_128' title='bbox 1178 1457 1361 1500; x_wconf 85' lang='lat' dir='ltr'><strong>tempore</strong></span> <span class='ocrx_word' id='word_1_129' title='bbox 1382 1459 1453 1492; x_wconf 81' lang='lat' dir='ltr'><strong>aut</strong></span> 
     </span>
     <span class='ocr_line' id='line_1_22' title="bbox 255 1527 1449 1576; baseline 0 -8"><span class='ocrx_word' id='word_1_130' title='bbox 255 1534 391 1568; x_wconf 91' lang='lat' dir='ltr'><strong>vivum</strong></span> <span class='ocrx_word' id='word_1_131' title='bbox 430 1534 502 1567; x_wconf 85' lang='lat' dir='ltr'><strong>aut</strong></span> <span class='ocrx_word' id='word_1_132' title='bbox 532 1533 737 1566; x_wconf 86' lang='lat' dir='ltr'><strong>mortuum</strong></span> <span class='ocrx_word' id='word_1_133' title='bbox 774 1527 1014 1575; x_wconf 88' lang='lat' dir='ltr'><strong>Iugurtham</strong></span> <span class='ocrx_word' id='word_1_134' title='bbox 1048 1541 1092 1566; x_wconf 92' lang='lat' dir='ltr'><strong>se</strong></span> <span class='ocrx_word' id='word_1_135' title='bbox 1126 1531 1169 1566; x_wconf 89' lang='lat' dir='ltr'><strong>in</strong></span> <span class='ocrx_word' id='word_1_136' title='bbox 1204 1533 1449 1576; x_wconf 84' lang='lat' dir='ltr'><strong>potestatem</strong></span> 
     </span>
     <span class='ocr_line' id='line_1_23' title="bbox 254 1603 1450 1654; baseline -0.002 -10"><span class='ocrx_word' id='word_1_137' title='bbox 254 1606 392 1654; x_wconf 88' lang='lat' dir='ltr'><strong>populi</strong></span> <span class='ocrx_word' id='word_1_138' title='bbox 426 1606 594 1643; x_wconf 87' lang='lat' dir='ltr'><strong>Romani</strong></span> <span class='ocrx_word' id='word_1_139' title='bbox 624 1604 893 1642; x_wconf 83' lang='lat' dir='ltr'><strong>redacturum.</strong></span> <span class='ocrx_word' id='word_1_140' title='bbox 956 1604 1099 1650; x_wconf 87' lang='lat' dir='ltr'><strong>Itaque</strong></span> <span class='ocrx_word' id='word_1_141' title='bbox 1129 1603 1260 1642; x_wconf 87' lang='lat' dir='ltr'><strong>factus</strong></span> <span class='ocrx_word' id='word_1_142' title='bbox 1289 1609 1352 1651; x_wconf 76' lang='lat' dir='ltr'><strong>est</strong></span> <span class='ocrx_word' id='word_1_143' title='bbox 1381 1603 1450 1642; x_wconf 93' lang='lat' dir='ltr'><strong>ille</strong></span> 
     </span>
     <span class='ocr_line' id='line_1_24' title="bbox 255 1679 1451 1733; baseline -0.002 -13"><span class='ocrx_word' id='word_1_144' title='bbox 255 1683 421 1730; x_wconf 90' lang='lat' dir='ltr'><strong>quidem</strong></span> <span class='ocrx_word' id='word_1_145' title='bbox 452 1680 604 1727; x_wconf 91' lang='lat' dir='ltr'><strong>consul,</strong></span> <span class='ocrx_word' id='word_1_146' title='bbox 636 1680 708 1718; x_wconf 92' lang='lat' dir='ltr'><strong>sed</strong></span> <span class='ocrx_word' id='word_1_147' title='bbox 737 1694 761 1717; x_wconf 86' lang='lat' dir='ltr'><strong>a</strong></span> <span class='ocrx_word' id='word_1_148' title='bbox 791 1679 869 1717; x_wconf 86' lang='lat' dir='ltr'><strong>fide</strong></span> <span class='ocrx_word' id='word_1_149' title='bbox 900 1683 1134 1726; x_wconf 85' lang='lat' dir='ltr'><strong>iustitiaque</strong></span> <span class='ocrx_word' id='word_1_150' title='bbox 1164 1679 1362 1727; x_wconf 88' lang='lat' dir='ltr'><strong>discessit,</strong></span> <span class='ocrx_word' id='word_1_151' title='bbox 1382 1683 1451 1733; x_wconf 88' lang='lat' dir='ltr'><strong>qui</strong></span> 
     </span>
     <span class='ocr_line' id='line_1_25' title="bbox 256 1755 1454 1805; baseline -0.002 -9"><span class='ocrx_word' id='word_1_152' title='bbox 256 1762 454 1805; x_wconf 86' lang='lat' dir='ltr'><strong>optimum</strong></span> <span class='ocrx_word' id='word_1_153' title='bbox 487 1762 531 1796; x_wconf 88' lang='lat' dir='ltr'><strong>et</strong></span> <span class='ocrx_word' id='word_1_154' title='bbox 558 1759 837 1804; x_wconf 86' lang='lat' dir='ltr'><strong>gravissimum</strong></span> <span class='ocrx_word' id='word_1_155' title='bbox 864 1758 1006 1802; x_wconf 91' lang='lat' dir='ltr'><strong>civem,</strong></span> <span class='ocrx_word' id='word_1_156' title='bbox 1027 1758 1140 1794; x_wconf 88' lang='lat' dir='ltr'><strong>cuius</strong></span> <span class='ocrx_word' id='word_1_157' title='bbox 1168 1755 1328 1802; x_wconf 86' lang='lat' dir='ltr'><strong>legatus</strong></span> <span class='ocrx_word' id='word_1_158' title='bbox 1358 1761 1402 1794; x_wconf 91' lang='lat' dir='ltr'><strong>et</strong></span> <span class='ocrx_word' id='word_1_159' title='bbox 1430 1770 1454 1794; x_wconf 88' lang='lat' dir='ltr'><strong>a</strong></span> 
     </span>
     <span class='ocr_line' id='line_1_26' title="bbox 254 1831 1451 1882; baseline -0.002 -10"><span class='ocrx_word' id='word_1_160' title='bbox 254 1848 334 1882; x_wconf 91' lang='lat' dir='ltr'><strong>quo</strong></span> <span class='ocrx_word' id='word_1_161' title='bbox 352 1837 496 1871; x_wconf 91' lang='lat' dir='ltr'><strong>missus</strong></span> <span class='ocrx_word' id='word_1_162' title='bbox 513 1838 635 1879; x_wconf 89' lang='lat' dir='ltr'><strong>esset,</strong></span> <span class='ocrx_word' id='word_1_163' title='bbox 648 1835 690 1869; x_wconf 88' lang='lat' dir='ltr'><strong>in</strong></span> <span class='ocrx_word' id='word_1_164' title='bbox 711 1831 903 1869; x_wconf 87' lang='lat' dir='ltr'><strong>invidiam</strong></span> <span class='ocrx_word' id='word_1_165' title='bbox 918 1831 1018 1869; x_wconf 88' lang='lat' dir='ltr'><strong>falso</strong></span> <span class='ocrx_word' id='word_1_166' title='bbox 1034 1833 1202 1869; x_wconf 89' lang='lat' dir='ltr'><strong>crimine</strong></span> <span class='ocrx_word' id='word_1_167' title='bbox 1222 1831 1451 1870; x_wconf 84' lang='lat' dir='ltr'><strong>adduxerit.</strong></span> 
     </span>
    </p>
   </div>
   <div class='ocr_carea' id='block_1_8' title="bbox 313 1906 1451 1956">
    <p class='ocr_par' dir='ltr' id='par_1_11' title="bbox 313 1906 1451 1956">
     <span class='ocr_line' id='line_1_27' title="bbox 313 1906 1451 1956; baseline -0.004 -8"><span class='ocrx_word' id='word_1_168' title='bbox 313 1911 375 1949; x_wconf 91' lang='lat' dir='ltr'><strong>Ne</strong></span> <span class='ocrx_word' id='word_1_169' title='bbox 415 1915 554 1948; x_wconf 90' lang='lat' dir='ltr'><strong>noster</strong></span> <span class='ocrx_word' id='word_1_170' title='bbox 592 1908 757 1956; x_wconf 91' lang='lat' dir='ltr'><strong>quidem</strong></span> <span class='ocrx_word' id='word_1_171' title='bbox 798 1907 1057 1946; x_wconf 85' lang='lat' dir='ltr'><strong>Gratidianus</strong></span> <span class='ocrx_word' id='word_1_172' title='bbox 1091 1906 1218 1945; x_wconf 89' lang='lat' dir='ltr'><strong>officio</strong></span> <span class='ocrx_word' id='word_1_173' title='bbox 1249 1909 1322 1944; x_wconf 84' lang='lat' dir='ltr'><strong>viri</strong></span> <span class='ocrx_word' id='word_1_174' title='bbox 1356 1907 1451 1945; x_wconf 88' lang='lat' dir='ltr'><strong>boni</strong></span> 
     </span>
    </p>
   </div>
   <div class='ocr_carea' id='block_1_9' title="bbox 365 2006 1038 2101">
    <p class='ocr_par' dir='ltr' id='par_1_12' title="bbox 365 2006 1038 2101">
     <span class='ocr_line' id='line_1_28' title="bbox 518 2006 1038 2045; baseline -0.004 -3"><span class='ocrx_word' id='word_1_175' title='bbox 518 2009 573 2042; x_wconf 84' lang='lat' dir='ltr'><strong>¹et</strong></span> <span class='ocrx_word' id='word_1_176' title='bbox 586 2010 660 2042; x_wconf 79' lang='lat' dir='ltr'><strong>iam</strong></span> <span class='ocrx_word' id='word_1_177' title='bbox 679 2008 789 2045; x_wconf 84' lang='lat' dir='ltr'><strong>Edd.;</strong></span> <span class='ocrx_word' id='word_1_178' title='bbox 806 2008 916 2040; x_wconf 83' lang='lat' dir='ltr'><strong>etiam</strong></span> <span class='ocrx_word' id='word_1_179' title='bbox 935 2006 1038 2040; x_wconf 90' lang='lat' dir='ltr'><strong>MSS.</strong></span> 
     </span>
     <span class='ocr_line' id='line_1_29' title="bbox 365 2066 445 2101; baseline 0 -1"><span class='ocrx_word' id='word_1_180' title='bbox 365 2066 445 2101; x_wconf 85' lang='lat'><strong>350</strong></span> 
     </span>
    </p>
   </div>
  </div>
 </body>
</html>
