1520 2320
71 485 118 512 Ch.
142 485 197 512 vu
214 483 266 516 42

219 1444 269 1479 43

590 118 790 158 CICERO
821 118 897 157 DE
926 119 1163 159 OFFICIIS

295 204 455 239 maiore.
479 200 620 239 Totius
632 206 772 239 autem
784 204 1006 239 iniustitiae
1021 202 1133 240 nulla
1148 202 1356 250 capitalior
1367 216 1488 250 quam

295 283 447 317 eorum,
469 272 537 316 qui
566 275 668 317 tum,
694 283 786 308 eum
814 273 990 309 maxime
1019 269 1181 318 fallunt,
1205 271 1248 309 id
1276 276 1417 319 agunt,
1442 275 1489 310 ut

296 342 369 377 viri
389 339 484 376 boni
506 336 593 376 esse
614 338 838 377 videantur.

352 408 416 446 De
436 409 591 445 iustitia
610 410 706 445 satis
727 407 893 446 dictum.

351 476 461 515 XIV.
495 477 714 524 Deinceps,
750 482 796 514 ut
830 482 918 515 erat
955 482 1218 526 propositum,
1253 478 1305 517 de
1337 479 1488 517 benefi-

296 548 430 585 centia
456 558 502 582 ac
530 545 582 583 de
609 544 854 583 liberalitate
886 545 1056 592 dicatur,
1084 559 1163 593 qua
1191 546 1357 594 quidem
1385 547 1486 585 nihil

296 621 359 654 est
374 620 541 652 naturae
559 613 731 651 hominis
746 614 1098 662 accommodatius,
1112 614 1184 653 sed
1200 614 1325 654 habet
1339 615 1487 655 multas

296 686 514 723 cautiones.
575 681 807 720 Videndum
840 687 903 720 est
934 685 1056 730 enim,
1088 685 1262 730 primum
1295 697 1349 723 ne
1382 684 1488 723 obsit

297 754 527 799 benignitas
548 755 591 789 et
610 753 658 788 iis
678 752 786 797 ipsis,
808 751 952 797 quibus
973 751 1150 798 benigne
1166 751 1370 790 videbitur
1389 752 1488 799 fieri,

297 827 340 860 et
378 822 537 866 ceteris,
573 818 723 857 deinde
762 831 814 857 ne
853 822 979 857 maior
1017 820 1248 867 benignitas
1282 823 1335 859 sit
1368 834 1488 868 quam

297 889 524 934 facultates,
557 892 646 925 tum
680 892 726 925 ut
760 900 832 934 pro
862 887 1064 934 dignitate
1093 891 1239 935 cuique
1267 889 1489 935 tribuatur3

296 958 338 996 id
368 960 478 996 enim
507 961 571 994 est
599 958 777 994 iustitiae
807 955 1134 1004 fundamentum,
1158 956 1210 995 ad
1239 970 1360 1004 quam
1388 957 1489 996 haec

296 1025 512 1066 referenda
546 1029 641 1063 sunt
674 1027 818 1062 omnia.
880 1025 985 1062 Nam
1024 1029 1068 1063 et
1105 1028 1174 1072 qui
1211 1026 1488 1073 gratificantur

298 1098 484 1143 cuipiam,
505 1093 614 1141 quod
633 1094 739 1131 obsit
757 1093 830 1140 illi,
846 1096 911 1131 cui
930 1093 1121 1141 prodesse
1140 1094 1246 1133 velle
1260 1094 1487 1142 videantur,

299 1178 381 1203 non
401 1162 574 1202 benefici
597 1175 731 1208 neque
756 1161 956 1209 liberales,
978 1162 1050 1201 sed
1074 1165 1288 1210 perniciosi
1310 1168 1488 1202 assenta-

299 1239 407 1272 tores
431 1231 637 1270 iudicandi
661 1236 769 1277 sunt,
795 1235 839 1269 et
862 1233 932 1278 qui
955 1231 1042 1270 aliis
1070 1237 1233 1279 nocent,
1257 1237 1305 1270 ut
1326 1235 1370 1270 in
1393 1232 1491 1270 alios

299 1301 485 1340 liberales
505 1303 599 1346 sint,
620 1303 663 1337 in
683 1299 828 1338 eadem
847 1304 943 1338 sunt
965 1302 1177 1347 iniustitia,
1198 1305 1245 1339 ut
1264 1303 1298 1339 si
1317 1303 1359 1339 in
1380 1314 1492 1339 suam

300 1384 387 1409 rem
405 1369 537 1407 aliena
556 1373 805 1407 convertant.
1382 1369 1388 1375 '

357 1439 462 1478 Sunt
481 1443 620 1476 autem
639 1437 772 1483 multi,
794 1441 837 1474 et
860 1436 1025 1484 quidem
1049 1437 1186 1484 cupidi
1206 1437 1431 1485 splendoris
1450 1443 1494 1477 et

300 1508 464 1555 gloriae,
486 1508 554 1554 qui
576 1508 754 1553 eripiunt
772 1505 873 1552 aliis,
894 1505 1002 1552 quod
1022 1505 1109 1543 aliis
1129 1505 1364 1554 largiantur,
1383 1510 1491 1554 iique

301 1577 548 1614 arbitrantur
571 1587 614 1612 se
638 1574 839 1612 beneficos
864 1577 906 1611 in
933 1587 1023 1612 suos
1049 1577 1198 1613 amicos
1222 1578 1351 1613 visum
1374 1578 1435 1623 iri,
1459 1578 1491 1614 si

301 1644 556 1692 locupletent
575 1655 643 1681 eos
661 1655 913 1689 quacumque
937 1645 1104 1680 ratione.
1165 1642 1215 1681 Id
1238 1648 1375 1682 autem
1404 1648 1493 1682 tan-

305 1718 392 1751 tum
412 1713 529 1750 abest
547 1712 598 1749 ab
614 1704 625 1728 ¹
647 1711 787 1757 officio,
809 1715 854 1748 ut
874 1710 975 1748 nihil
989 1714 1116 1758 magis
1130 1712 1256 1749 officio
1269 1715 1395 1759 possit
1407 1725 1494 1751 esse

304 1783 559 1820 contrarium.
621 1779 854 1818 Videndum
875 1785 938 1818 est
958 1782 1095 1827 igitur,
1117 1785 1164 1818 ut
1184 1793 1231 1819 ea
1251 1780 1494 1820 liberalitate

304 1857 476 1897 utamur,
497 1862 600 1897 quae
630 1851 756 1897 prosit
784 1851 934 1895 amicis,
962 1853 1107 1887 noceat
1135 1851 1298 1887 nemini.
1360 1848 1495 1896 Quare

306 1921 349 1959 L.
373 1919 522 1966 Sullae,
544 1919 584 1956 C.
609 1918 787 1956 Caesaris
811 1920 1074 1965 pecuniarum
1100 1917 1310 1956 translatio
1334 1931 1358 1956 a
1381 1921 1496 1957 iustis

591 2051 657 2083 'ab
673 2062 701 2090 c,
721 2051 829 2088 Edd.;
847 2054 910 2083 not
927 2051 960 2082 in
977 2050 1010 2083 A
1028 2051 1155 2083 13111.
1172 2051 1205 2085 b.

415 2105 468 2144 46
