1546 2294
597 102 798 142 CICERO
827 103 904 141 DE
934 103 1172 144 OFFICIIS
1530 100 1546 164 Γ

301 186 481 231 tationis,
494 184 612 222 alteri
625 187 852 232 appetitus;
873 187 1124 232 cogitatioin
1139 199 1233 225 vero
1246 186 1497 234 exquirendo
1527 171 1542 200 ὃ

302 260 477 296 maxime
513 262 708 304 versatur,
740 261 946 305 appetitus
977 259 1153 307 impellit
1190 259 1242 298 ad
1279 259 1495 307 agendum.

307 330 539 368 Curandum
574 335 636 368 est
670 333 807 377 igitur,
842 335 890 368 ut
923 334 1172 378 cogitatione
1197 331 1250 370 ad
1283 345 1348 371 res
1379 345 1499 380 quam
1542 386 1546 387 ⁷

304 405 478 450 optimas
525 407 701 450 utamur,
745 406 975 451 appetitum
1019 407 1166 442 rationi
1210 404 1496 444 oboedientem
1537 390 1546 459 Ξ

304 476 580 523 praebeamus.
1542 525 1546 530 ι

360 548 572 586 XXXVII.
607 549 662 587 Et
696 551 886 596 quoniam
919 563 1068 596 magna
1102 553 1160 588 vis
1195 553 1386 590 orationis
1420 555 1497 599 est,

304 635 432 668 eaque
462 621 627 669 duplex,
657 622 785 660 altera
819 625 1106 670 contentionis,
1133 623 1262 662 altera
1290 626 1498 672 sermonis,
1540 623 1546 654 ’-

306 697 517 733 contentio
537 694 902 742 disceptationibus
923 696 1124 734 tribuatur
1137 696 1388 744 iudiciorum,
1405 709 1499 735 con-
1539 687 1546 756 ἶ

306 770 477 815 tionum,
505 773 682 815 senatus,
710 781 842 806 sermo
871 771 914 806 in
943 768 1115 815 circulis,
1145 768 1499 816 disputationibus,
1538 759 1546 855 1

305 841 654 887 congressionibus
674 841 931 879 familiarium
950 846 1147 888 versetur,
1163 847 1357 889 sequatur
1376 845 1500 881 etiam
1541 857 1546 871 ·

307 916 499 952 convivia.
561 914 845 952 Contentionis
883 919 1103 962 praecepta
1140 914 1351 954 rhetorum
1391 920 1500 963 sunt,
1537 873 1546 969 i

305 987 418 1025 nulla
437 990 648 1036 sermonis,
659 1000 903 1034 quamquam
922 987 1033 1026 haud
1052 989 1133 1026 scio
1152 1001 1206 1026 an
1226 991 1383 1036 possint
1398 987 1499 1027 haec

306 1073 467 1107 quoque
499 1073 597 1099 esse.
659 1060 741 1099 Sed
776 1060 1021 1099 discentium
1055 1060 1200 1100 studiis
1233 1063 1499 1100 inveniuntur

306 1136 501 1181 magistri,
522 1133 617 1171 huic
636 1139 775 1172 autem
795 1136 865 1181 qui
885 1133 1092 1182 studeant,
1111 1139 1208 1172 sunt
1226 1134 1341 1182 nulli,
1361 1134 1498 1173 rheto-

308 1219 396 1244 rum
409 1207 529 1244 turba
540 1206 693 1244 referta
705 1209 840 1244 omnia
850 1219 859 1252 ;
875 1220 1132 1254 quamquam,
1147 1219 1250 1254 quae
1259 1200 1274 1225 ¹
1285 1207 1499 1246 verborum

307 1282 684 1326 sententiarumque
699 1285 918 1326 praecepta
934 1284 1042 1326 sunt,
1053 1279 1197 1318 eadem
1208 1279 1260 1318 ad
1273 1293 1501 1318 sermonem

309 1352 584 1399 pertinebunt.

203 1429 279 1463 133
366 1424 447 1463 Sed
479 1438 571 1462 cum
599 1427 790 1463 orationis
818 1424 997 1462 indicem
1027 1437 1168 1463 vocem
1196 1424 1430 1473 habeamus,
1456 1427 1500 1464 in

308 1510 405 1535 voce
434 1502 571 1535 autem
602 1497 683 1535 duo
713 1510 940 1545 sequamur,
971 1502 1018 1535 ut
1048 1496 1155 1535 clara
1182 1500 1248 1545 sit,
1278 1502 1325 1536 ut
1354 1500 1498 1546 suavis,

308 1575 525 1617 utrumque
557 1572 722 1608 omnino
755 1584 778 1607 a
808 1574 953 1607 natura
986 1568 1216 1617 petundum
1251 1574 1327 1617 est,
1357 1583 1496 1608 verum

306 1643 479 1682 alterum
501 1644 738 1680 exercitatio
765 1642 944 1689 augebit,
965 1641 1140 1679 alterum
1165 1643 1340 1680 imitatio
1360 1655 1496 1690 presse

307 1715 562 1763 loquentium
584 1719 627 1753 et
645 1715 806 1753 leniter.

362 1787 473 1826 Nihil
501 1787 580 1826 fuit
606 1790 649 1825 in
677 1787 842 1835 Catulis,
864 1792 911 1826 ut
931 1800 999 1826 eos
1021 1789 1223 1835 exquisito
1250 1787 1398 1826 iudicio
1425 1801 1498 1836 pu-

303 1866 411 1900 tares
437 1863 498 1900 uti
524 1860 767 1908 litterarum,
787 1873 1030 1908 quamquam
1059 1865 1176 1898 erant
1202 1859 1395 1907 litterati3
1424 1861 1496 1899 sed

301 1939 345 1972 et
364 1934 451 1979 alii3
481 1933 523 1971 hi
543 1938 681 1971 autem
703 1935 856 1980 optime
880 1936 941 1971 uti
968 1932 1108 1979 lingua
1131 1931 1276 1970 Latina
1296 1933 1493 1979 putaban-

395 2051 487 2082 quae
503 2038 548 2071 Α2
564 2051 594 2079 c,
616 2039 724 2078 Edd.;
737 2039 907 2082 quoniam
923 2037 1002 2082 (per
1018 2037 1227 2082 compend.)
1243 2038 1285 2070 A¹
1300 2038 1328 2071 B
1345 2038 1378 2071 H
1397 2050 1420 2072 a
1437 2038 1467 2072 b.

415 2096 491 2130 134
