1546 2294
617 97 819 143 CICERO
849 104 926 143 DE
955 104 1138 144 OFFICI
1143 105 1192 146 IS

269 189 292 225 5
380 185 434 225 ΙΙ.
467 186 549 225 Sed
570 200 662 224 cum
678 191 765 224 tota
795 186 1064 234 philosophia,
1079 190 1134 225 mi
1155 187 1309 236 Cicero,
1322 188 1517 237 frugifera

324 264 367 297 et
387 258 592 297 fructuosa
606 272 684 297 nec
704 259 786 297 ulla
807 273 898 306 pars
919 262 1005 298 eius
1025 260 1180 300 inculta
1199 274 1245 299 ac
1265 260 1430 300 deserta
1447 264 1514 309 sit,

323 338 412 370 tum
427 332 562 370 nullus
578 331 748 370 feracior
760 335 802 369 in
824 346 871 370 ea
891 332 1002 371 locus
1018 338 1082 371 est
1101 346 1178 371 nec
1193 326 1376 372 uberim-¹
1393 347 1512 382 quam

322 405 374 443 de
406 405 555 451 officiis,
576 418 599 442 a
631 406 776 452 quibus
809 410 1044 444 constanter
1075 405 1330 454 honesteque
1351 407 1512 446 vivendi

322 482 539 525 praecepta
565 477 781 516 ducuntur.
843 477 992 525 Quare,
1014 491 1256 526 quamquam
1277 492 1301 517 a
1321 479 1513 528 Cratippo

320 555 471 598 nostro,
487 553 670 598 principe
686 549 805 588 huius
820 554 1038 588 memoriae
1054 550 1279 599 philosoplu
1318 565 1396 599 um,
1411 551 1512 591 haee

320 628 363 661 te
383 622 543 661 assidue
559 623 698 661 audire
719 628 843 670 atque
864 626 1048 670 accipere
1070 623 1241 671 confido,
1257 628 1396 663 tamen
1416 638 1510 663 con-

319 695 468 734 ducere
496 696 668 734 arbitror
698 695 847 734 talibus
877 709 993 734 aures
1020 700 1110 734 tuas
1137 697 1300 735 vocibus
1331 697 1511 744 undique

318 771 627 815 circumsonare,
647 781 724 807 nec
745 781 826 816 eas,
846 771 879 806 si
900 768 985 806 fieri
1006 771 1145 816 possit,
1167 771 1381 816 quicquam
1401 769 1510 809 aliud

264 840 290 880 6
318 841 468 880 audire.
537 841 658 889 Quod
698 854 790 879 cum
829 841 1015 879 omnibus
1054 846 1119 880 est
1156 841 1402 888 faciendum,
1440 845 1510 890 qui

318 916 443 952 vitam
470 913 684 951 honestam
704 912 865 959 ingredi
886 915 1082 960 cogitant,
1103 917 1192 951 tum
1222 912 1331 952 haud
1357 917 1440 952 scio
1458 927 1510 953 an

318 989 471 1024 nemini
499 988 633 1033 potius
653 999 774 1032 quam
795 986 869 1023 tibi
880 998 890 1031 ;
919 988 1095 1024 sustines
1115 988 1225 1024 enim
1244 999 1327 1024 non
1346 999 1509 1034 parvam

319 1061 666 1107 exspectationem
676 1057 895 1096 imitandae
905 1058 1128 1097 industriae
1137 1063 1311 1106 nostrae,
1320 1072 1508 1106 magnam

318 1132 529 1178 honorum,
554 1144 636 1169 non
663 1130 816 1168 nullam
844 1130 1014 1169 fortasse
1041 1133 1226 1169 nominis.
1288 1130 1509 1180 Suscepisti

318 1217 418 1242 onus
438 1208 649 1251 praeterea
668 1216 790 1250 grave
817 1207 860 1241 et
881 1203 1137 1241 Athenarum
1162 1208 1206 1242 et
1225 1203 1428 1252 Cratippi;
1457 1204 1511 1244 ad

318 1290 417 1324 quos
437 1290 529 1314 cum
549 1281 757 1323 tamquam
778 1275 829 1314 ad
849 1280 1118 1314 mercaturam
1146 1276 1342 1314 bonarum
1361 1280 1508 1316 artium

318 1353 370 1388 sis
401 1349 620 1397 profectus,
641 1352 804 1387 inanem
831 1348 964 1387 redire
992 1351 1268 1396 turpissimum
1295 1354 1359 1388 est
1384 1349 1511 1389 dede-

317 1428 524 1461 corantem
545 1427 588 1461 et
604 1423 712 1460 urbis
732 1424 1017 1460 auctoritatem
1038 1426 1081 1460 et
1106 1424 1299 1468 magistri.
1360 1421 1511 1471 Quare,

317 1501 514 1543 quantum
546 1497 670 1533 coniti
701 1497 837 1532 animo
868 1499 998 1542 potes,
1019 1499 1217 1541 quantum
1247 1493 1384 1533 labore
1415 1507 1510 1534 con-

317 1568 502 1614 tendere,
523 1570 554 1605 si
576 1566 758 1605 discendi
785 1566 897 1604 labor
917 1571 980 1604 est
1006 1569 1140 1614 potius
1169 1579 1290 1614 quam
1310 1566 1508 1615 voluptas,

316 1645 476 1679 tantum
515 1639 578 1677 fac
617 1644 663 1677 ut
702 1639 847 1677 efficias
886 1651 989 1676 neve
1028 1641 1270 1686 committas,
1305 1643 1364 1686 ut,
1399 1633 1509 1678 cum'

315 1716 450 1751 omnia
483 1712 744 1760 suppeditata
775 1714 857 1750 sint
888 1725 911 1749 a
946 1712 1074 1758 nobis,
1102 1716 1193 1750 tute
1222 1711 1298 1750 tibi
1329 1711 1507 1751 defuisse

315 1785 489 1831 videare,

369 1857 451 1896 Sed
490 1856 590 1895 haec
630 1856 848 1902 hactenus3
892 1856 1021 1894 multa
1060 1858 1170 1894 enim
1209 1869 1330 1903 saepe
1367 1855 1419 1894 ad
1461 1861 1503 1896 te

532 1990 686 2024 'uberior
699 2002 730 2030 c,
751 1990 861 2028 Edd.;
879 1990 997 2023 uerior
1013 1991 1040 2022 R
1060 1990 1093 2022 H
1112 2001 1134 2022 a
1151 1990 1184 2023 b.

529 2034 603 2074 Ξιιί,
621 2047 698 2068 cum
716 2046 746 2074 c,
768 2034 877 2073 Edd.;
896 2038 937 2067 ut
951 2046 1006 2073 ne,
1024 2046 1102 2067 cum
1122 2035 1148 2067 B
1168 2034 1202 2066 H
1220 2045 1242 2067 a
1259 2033 1292 2068 b.

421 2091 502 2130 274
