1546 2294
590 112 790 152 CICERO
821 111 897 150 DE
926 110 1162 151 OFFICIIS

297 197 379 233 vita
399 194 686 233 constituenda
707 194 837 232 multo
858 199 921 232 est
941 196 979 231 ei
1005 186 1085 231 reil
1107 205 1203 231 cura
1227 193 1352 230 maior
1370 189 1485 230 adhi-

297 263 444 311 benda,
474 268 522 302 ut
551 268 735 301 constare
764 265 808 300 in
836 264 1114 310 perpetuitate
1152 263 1260 299 vitae
1293 261 1489 308 possimus

299 333 503 370 nobismet
522 334 618 379 ipsis
638 344 715 369 nec
734 334 778 368 in
797 330 881 369 ullo
901 330 1028 368 officio
1049 328 1284 368 claudicare.

190 404 268 438 120
355 400 422 439 Ad
441 400 547 438 hanc
571 405 710 438 autem
730 401 932 437 rationem
952 400 1142 445 quoniam
1168 399 1384 435 maximam
1411 397 1493 433 vim

299 473 444 507 natura
470 468 609 515 habet,
639 467 802 506 fortuna
827 469 1064 515 proximam,
1092 468 1301 513 utriusque
1328 466 1494 502 omnino

301 537 490 576 habenda
522 539 626 575 ratio
658 541 722 575 est
752 539 795 574 in
827 534 1047 582 deligendo
1079 547 1233 582 genere
1267 535 1389 580 vitae,
1420 531 1492 571 sed

301 611 471 645 naturae
501 608 650 652 magis3
679 604 810 643 multo
840 606 950 642 enim
977 608 1020 641 et
1050 602 1200 640 firmior
1228 606 1292 640 est
1322 605 1366 639 et
1396 613 1490 638 con-

302 677 486 721 stantior,
514 679 561 712 ut
592 673 756 711 fortuna
790 685 872 710 non
907 684 1129 718 numquam
1165 675 1372 717 tamquam
1405 670 1492 716 ipsa

303 742 484 781 mortalis
519 756 612 780 eum
646 740 864 779 immortali
898 744 1043 777 natura
1076 751 1258 786 pugnare
1296 736 1492 775 videatur.

306 811 388 859 Qui
407 813 532 858 igitur
550 810 602 849 ad
622 815 792 848 naturae
812 821 908 847 suae
928 821 1011 846 non
1031 809 1198 845 vitiosae
1220 818 1351 853 genus
1370 807 1498 843 consi·
1544 842 1546 855 Ι

306 881 406 918 lium
428 879 590 918 vivendi
609 892 731 917 omne
753 877 986 923 contulerit,
1007 878 1040 914 is
1069 876 1340 913 constantiam
1359 877 1501 912 teneat
1544 884 1546 898 ²

309 937 370 991 (id
401 947 511 982 enim
540 946 715 981 maxime
748 933 900 987 decet),
930 942 1007 978 nisi
1039 939 1145 978 forte
1177 952 1220 977 se
1250 937 1503 976 intellexerit

310 1022 463 1048 errasse
478 1011 521 1046 in
542 1007 763 1054 deligendo
783 1018 935 1054 genere
956 1007 1074 1043 vitae.
1116 1002 1238 1051 Quod
1257 1005 1291 1041 si
1309 1001 1502 1040 acciderit

310 1065 467 1122 (potest
495 1078 633 1111 autem
660 1062 876 1117 accidere),
897 1069 1084 1108 facienda
1109 1081 1266 1106 morum
1292 1069 1500 1105 instituto-

310 1150 480 1185 rumque
506 1139 679 1175 mutatio
704 1140 776 1174 est.
838 1135 939 1172 Eam
962 1135 1232 1171 mutationem
1258 1133 1292 1170 si
1317 1135 1501 1178 tempora

311 1202 573 1248 adiuvabunt,
613 1200 770 1238 facilius
809 1198 1139 1244 commodiusque
1178 1195 1397 1240 faciemus;
1439 1196 1502 1232 sin
1536 1204 1538 1206 ’

312 1269 459 1313 minus,
497 1268 647 1304 sensim
685 1266 764 1302 erit
803 1263 1182 1310 pedetemptimque
1220 1258 1418 1305 facienda,
1457 1262 1504 1296 ut

314 1333 524 1377 amicitias,
545 1343 648 1377 quae
669 1332 802 1366 minus
822 1327 1034 1366 delectent
1053 1331 1097 1364 et
1115 1327 1250 1363 minus
1269 1323 1506 1372 probentur,

314 1397 443 1442 magis
463 1394 609 1432 decere
630 1396 802 1431 censent
821 1394 1025 1438 sapientes
1041 1390 1191 1428 sensim
1211 1387 1367 1427 diluere
1387 1399 1508 1434 quam
1539 1375 1544 1412 Ῐ

209 1466 279 1500 121
317 1464 488 1507 repente
509 1457 754 1506 praecidere.
797 1455 1055 1493 Commutato
1075 1458 1213 1491 autem
1233 1464 1386 1500 genere
1400 1453 1508 1489 vitae
1537 1467 1546 1492 i

317 1526 426 1562 omni
453 1526 611 1561 ratione
639 1519 863 1560 curandum
891 1524 967 1566 est,
987 1523 1035 1557 ut
1061 1517 1103 1556 id
1130 1517 1236 1555 bono
1263 1515 1429 1554 consilio
1448 1514 1508 1554 fe-

316 1592 417 1628 cisse
437 1588 654 1626 videamur.

374 1652 456 1692 Sed
495 1654 686 1699 quoniam
721 1649 841 1697 paulo
876 1652 974 1686 ante
1008 1646 1163 1685 dictum
1198 1650 1262 1684 est
1291 1643 1508 1683 imitandos
1539 1646 1546 1698 ξ

319 1730 407 1756 esse
437 1719 620 1762 maiores,
649 1717 823 1762 primum
854 1711 956 1750 illud
987 1716 1205 1758 exceptum
1235 1712 1301 1756 sit,
1329 1722 1381 1747 ne
1413 1711 1510 1746 vitia
1538 1703 1546 1749 ³.

319 1785 401 1821 sint
428 1779 639 1826 imitanda,
660 1777 810 1816 deinde
839 1779 871 1815 si
899 1781 1045 1814 natura
1071 1788 1154 1813 non
1181 1774 1301 1821 feret,
1321 1778 1369 1812 ut
1387 1786 1510 1820 quae-

319 1847 412 1886 dam
433 1847 580 1883 imitari
603 1834 753 1891 possit2
772 1833 838 1888 (ut
858 1843 1074 1888 superioris
1102 1839 1205 1877 filius
1226 1837 1420 1884 Africani,
1441 1839 1511 1884 qui
1543 1856 1546 1886 1

318 1911 427 1950 hunc
460 1908 583 1947 Paulo
613 1912 756 1946 natum
786 1905 1008 1953 adoptavit,
1039 1908 1206 1951 propter
1234 1902 1511 1940 infirmitatem

377 2017 388 2036 ¹
401 2019 454 2049 est
467 2016 503 2067 ef
517 2015 571 2047 rei
585 2014 732 2052 Gruter,
754 2011 862 2049 Edd.;
881 2014 934 2043 est
946 2010 1024 2042 eius
1041 2010 1096 2042 rei
1119 2009 1147 2041 L
1163 2019 1182 2041 c
1195 2019 1236 2051 p3
1254 2010 1306 2041 est
1321 2007 1374 2040 rei
1388 2006 1420 2039 A
1431 2006 1460 2039 B
1474 2006 1508 2039 H

334 2062 498 2148 δὲὲῑῗςεῗ*
507 2071 542 2144 3.
564 2102 611 2134 M.
635 2100 857 2142 Heusinger,
875 2097 1138 2140 Edd.;possint
1154 2095 1257 2129 MSS.

434 2160 450 2193 1
460 2159 509 2193 22
