1546 2294
587 65 788 105 CICERO
819 66 895 104 DE
925 67 1163 108 OFFICIIS

291 147 583 195 confugiebant
614 150 765 186 virtute
797 153 1096 195 praestantem3
1132 153 1202 197 qui
1226 164 1319 189 cum
1351 152 1486 200 prohi-

293 215 410 254 beret
436 218 581 254 iniuria
605 218 826 262 tenuiores,
846 219 1053 263 acquitate
1074 219 1362 257 constituenda
1381 233 1488 258 sum-

292 298 378 322 mos
408 298 501 322 cum
530 276 702 322 infimis¹
730 287 814 331 pari
841 287 927 322 iure
958 277 1197 324 retinebat.²
1254 286 1491 335 Eademque

211 356 264 390 42
294 351 671 390 constituendarum
690 351 829 398 legum
850 352 929 390 fuit
949 366 1080 400 causa,
1100 366 1204 400 quae
1224 367 1379 401 regum.
1422 354 1491 394 Ius

292 423 403 458 enim
423 433 584 467 semper
610 425 674 458 est
701 423 929 467 quaesitum
952 422 1186 467 aequabile;
1216 435 1350 470 neque
1378 426 1491 478 enim.

292 488 411 526 aliter
431 492 540 526 esset
560 490 632 525 ius.
694 487 741 525 Id
763 491 795 525 si
815 488 867 526 ab
886 501 968 526 uno
988 491 1095 527 iusto
1110 494 1154 528 et
1169 490 1276 528 bono
1290 493 1374 528 viro
1394 504 1487 529 con-

295 557 584 603 sequebantur,
605 561 723 594 erant
743 569 792 594 eo
813 559 1019 602 contenti;
1047 570 1140 595 cum
1163 557 1206 596 id
1233 561 1366 597 minus
1393 572 1487 597 eon-

295 627 489 671 tingeret,
523 624 636 670 leges
672 629 768 662 sunt
801 627 1008 671 inventae,
1044 638 1147 672 quae
1179 639 1272 664 cum
1303 627 1489 666 omnibus

295 705 456 739 semper
476 705 556 730 una
575 697 700 739 atque
722 692 867 730 eadem
887 705 985 730 voce
1006 692 1281 740 loquerentur.

351 760 460 807 Ergo
480 759 556 797 hoc
577 760 742 807 quidem
758 763 1016 807 perspicuum
1033 766 1109 807 est,
1131 774 1200 799 eos
1219 762 1271 800 ad
1290 765 1491 810 imperan-

295 828 394 866 dum
417 828 544 874 deligi
573 828 724 875 solitos,
752 841 924 875 quorum
950 828 1003 866 de
1029 831 1184 867 iustitia
1210 843 1357 876 magna
1383 836 1492 869 esset

294 895 430 940 opinio
455 892 741 930 multitudinis.
804 892 1011 930 Adiuncto
1032 906 1140 940 vero,
1162 898 1208 932 ut
1231 894 1342 932 idem
1365 897 1489 933 etiam

296 957 519 1004 prudentes
547 956 810 1003 haberentur,
837 956 938 994 nihil
968 962 1068 1004 erat,
1093 957 1201 1004 quod
1229 957 1414 997 homines
1440 961 1488 997 iis

293 1021 524 1058 auctoribus
539 1034 620 1058 non
638 1034 754 1068 posse
767 1024 959 1068 consequi
972 1034 1015 1059 se
1027 1022 1330 1061 arbitrarentur.
1362 1022 1487 1062 Omni

296 1088 420 1132 igitur
439 1088 595 1123 ratione
616 1085 787 1122 colenda
814 1090 858 1123 et
885 1085 1100 1123 retinenda.
1125 1089 1279 1124 iustitia
1305 1091 1369 1125 est
1393 1100 1486 1125 cum

296 1152 382 1196 ipsa
412 1162 485 1196 per
515 1162 603 1187 sese
636 1140 747 1194 (nam
782 1149 901 1187 aliter
930 1151 1084 1187 iustitia
1114 1163 1196 1188 non
1228 1142 1367 1198 esset),
1398 1156 1487 1190 tum

297 1219 463 1261 propter
481 1213 836 1260 amplificationem
856 1213 1018 1251 honoris
1038 1219 1082 1252 et
1100 1214 1262 1260 gloriae.

352 1277 433 1316 Sed
456 1282 502 1315 ut
522 1280 719 1324 pecuniae
746 1290 828 1314 non
855 1277 1113 1324 quaerendae
1141 1278 1270 1316 solum
1290 1281 1393 1317 ratio
1413 1284 1488 1326 est,

296 1355 436 1380 verum
468 1344 592 1379 etiam
624 1341 895 1387 collocandae,
927 1354 1030 1388 quae
1062 1347 1281 1389 perpetuos
1307 1348 1491 1390 sumptus

297 1405 546 1453 suppeditet,
563 1419 639 1443 nec
652 1405 782 1443 solum
795 1408 1054 1452 necessarios,
1068 1406 1140 1444 sed
1154 1409 1276 1444 etiam
1289 1406 1491 1454 liberales,

298 1473 354 1508 sic
384 1470 513 1516 gloria
543 1475 587 1508 et
618 1469 850 1516 quaerenda
884 1474 928 1507 et
959 1469 1194 1508 collocanda
1225 1473 1381 1509 ratione
1412 1475 1486 1510 est.

214 1539 265 1573 43
297 1534 552 1581 Quamquam
573 1533 777 1581 praeclare
798 1533 983 1571 Socrates
999 1532 1104 1571 hanc
1124 1536 1228 1572 viam
1248 1534 1299 1572 ad
1318 1534 1487 1581 gloriam

296 1595 519 1646 proximam
552 1603 595 1636 et
626 1601 738 1645 quasi
766 1597 1106 1644 compendiariam
1133 1598 1297 1636 dicebat
1323 1611 1424 1646 esse,
1454 1602 1486 1637 si

295 1665 384 1710 quis
410 1662 452 1700 id
483 1667 638 1708 ageret,
666 1667 726 1708 ut,
753 1661 881 1708 qualis
912 1661 1053 1699 haberi
1081 1662 1219 1708 vellet,
1246 1662 1338 1700 talis
1365 1668 1483 1701 esset.

296 1726 451 1774 Quodsi
472 1729 539 1773 qui
561 1725 819 1764 simulatione
841 1730 884 1763 et
904 1728 1013 1762 inani
1034 1729 1309 1764 ostentatione
1329 1731 1373 1764 et
1393 1726 1487 1765 ficto

294 1805 377 1829 non
415 1791 536 1828 modo
574 1802 773 1836 sermone,
813 1789 885 1827 sed
917 1792 1039 1827 etiam
1076 1789 1187 1827 voltu
1222 1790 1410 1828 stabilem
1443 1803 1487 1829 se

291 1855 461 1903 gloriam
486 1856 676 1901 consequi
705 1866 822 1901 posse
852 1858 1007 1903 rentur,
1039 1853 1306 1892 vehementer
1334 1859 1482 1893 errant.

351 1943 363 1963 ¹
375 1944 514 1986 infimis
529 1954 562 1983 c,
581 1943 690 1981 Edd.;
709 1943 867 1985 infirmis
885 1942 912 1974 B
929 1953 951 1974 a
968 1941 992 1974 b
1007 1954 1016 1980 ς
1034 1943 1196 1986 infimos
1213 1943 1259 1975 Η.

347 1995 361 2016 ¹
374 1995 550 2028 retinebat
562 2006 594 2034 e,
615 1995 706 2028 Edd.
720 2007 728 2033 ;
741 1994 945 2038 pertinebat
961 1994 988 2026 B
1007 1994 1040 2027 H
1059 2005 1082 2027 a
1098 2005 1122 2038 p
1135 2006 1144 2034 ς
1155 1995 1387 2038 pertinebant
1399 1995 1434 2031 b.

401 2051 482 2086 210

24 1560 99 1586 Aen.

24 1593 108 1620 Mem.
117 1592 157 1627 n,

23 1628 50 1661 ⁶.
61 1635 96 1660 39
