1442 2326
566 79 993 136 BIBLIOGRAPHY

295 159 517 198 Senectute
566 160 716 207 dialogi
743 191 751 198 .
775 190 783 199 .
808 190 816 199 .
838 174 847 200 z
905 176 996 201 cum
1044 168 1372 207 annotationibus

295 215 450 253 Erasmi
470 221 514 253 et
535 216 574 254 P.
600 216 939 256 Melanchthonis.
973 219 1144 268 Parisiis,
1169 227 1284 260 1533.

186 269 257 308 Ed.
273 285 285 308 .·
323 271 378 309 M.
420 271 543 309 Tullii
582 272 784 311 Ciceronis
818 273 976 322 Scripta
1005 289 1107 322 quae
1136 284 1372 316 manserunt

295 330 431 364 omnia
460 331 696 374 recognovit
729 329 770 367 C.
801 329 843 367 F.
876 330 937 368 W.
968 331 1130 370 Miiller.
1159 333 1370 372 Teubner:

297 382 471 430 Lipsiae,
497 387 612 427 1879.
663 383 760 422 This
781 385 938 423 edition
958 389 990 425 is
1011 387 1084 426 the
1105 388 1208 427 basis
1228 389 1275 427 of
1300 390 1372 428 the

296 444 387 476 text
405 438 453 476 of
467 439 539 477 the
560 445 727 486 present
747 441 919 479 volume.

189 494 357 531 Ernesti:
399 495 453 532 M.
491 495 613 533 Tullii
653 496 854 535 Ciceronis
893 510 1014 545 opera
1049 511 1099 537 ex
1136 503 1371 539 recensione

294 553 519 588 novissima.
560 552 598 590 J.
623 551 670 589 A.
696 552 883 598 Ernesti3
911 567 1003 591 cum
1035 555 1218 594 eiusdem
1249 559 1371 603 notis,

295 611 338 643 et
358 606 469 643 clave
490 607 759 645 Ciceroniana.
813 609 950 647 Editio
970 613 1098 657 prima
1117 611 1368 650 Americana.

296 662 526 709 Bostoniae,
550 667 674 701 1815-
682 662 741 701 16.

185 717 221 755 F
219 717 411 755 acc-colati
435 718 490 756 M.
510 718 631 756 Tullii
647 719 850 758 Ciceronis
865 719 916 758 de
934 720 1084 759 Officiis
1099 721 1190 759 libri
1206 698 1303 769 tres,
1319 722 1371 761 de

296 773 532 821 Senectute,
567 774 619 813 de
654 775 858 822 Amicitia,
883 776 935 814 de
963 776 1127 815 Somnio
1158 777 1371 825 Scipionis,

295 834 339 868 et
358 829 568 868 Paradoxa.
592 831 765 869 Accedit
782 830 830 878 Q.
849 831 983 870 fratris
998 833 1371 872 commentariolum

295 889 514 933 petitionis.
559 886 620 924 Ex
650 890 886 925 recensione
910 888 948 927 J.
977 888 1202 927 Facciolati.
1236 889 1370 927 Vene-

293 944 374 988 tiis,
398 945 514 984 1747.

189 997 407 1044 Fleckeisen,
424 997 506 1045 Alf.
521 1012 533 1036 :
554 998 756 1036 Kritische
774 999 998 1037 Miscellen.
1032 999 1233 1047 Dresden,
1252 999 1370 1039 1864.

189 1053 409 1092 Gemhard:
444 1054 499 1092 M.
523 1054 644 1092 Tullii
672 1055 874 1092 Ciceronis
901 1055 953 1093 de
981 1055 1132 1094 Officiis
1158 1055 1250 1094 libri
1275 1061 1368 1094 tres.

299 1110 390 1147 Rec.
418 1115 462 1148 et
485 1110 645 1148 scholiis
667 1110 744 1148 Iac.
770 1110 984 1148 Facciolati
1008 1114 1170 1158 suisque
1193 1112 1373 1150 animad-

295 1166 544 1203 versionibus
559 1169 751 1204 instruxit
763 1166 868 1212 Aug.
886 1167 933 1204 G.
951 1166 1175 1205 Gernhard.
1199 1167 1373 1214 Lipsiae,

301 1226 372 1259 181
386 1227 398 1258 l
410 1251 417 1259 .

189 1276 370 1315 Graevius
381 1292 392 1314 :
417 1277 472 1315 M.
490 1276 612 1314 Tullii
629 1277 831 1315 Ciceronis
847 1277 899 1315 de
915 1277 1065 1316 Officiis
1080 1277 1172 1316 libri
1186 1282 1290 1324 tres;
1307 1308 1315 1316 .
1334 1307 1344 1317 .
1361 1307 1372 1318 .

297 1332 349 1370 de
398 1332 646 1378 Senectute3
678 1362 685 1370 .
710 1362 717 1370 .
744 1362 751 1371 .
793 1332 846 1371 de
894 1332 1106 1378 Amicitia;
1146 1333 1373 1380 Paradoxa3

298 1388 506 1427 Somnium
522 1388 739 1435 Scipionis3
756 1401 804 1426 ex
821 1391 1056 1428 recenvione
1071 1389 1109 1428 J.
1129 1388 1178 1426 G.
1197 1389 1370 1428 Graevii.

297 1444 603 1490 Amstelodami,
627 1442 742 1487 1680.

191 1500 418 1539 Gulielmius:
426 1497 513 1596 }M.
551 1500 672 1537 'lullii
707 1501 909 1538 Ciceronis
942 1512 1064 1546 opera
1098 1502 1232 1538 omnia
1269 1513 1373 1547 quae

191 1557 349 1594 ('.·ruler
513 1561 656 1594 extant
696 1585 704 1594 .
737 1585 744 1593 .
778 1584 786 1593 .
836 1555 1052 1593 emendata
1095 1556 1230 1593 studio
1276 1585 1284 1593 .
1318 1585 1327 1594 .

296 1612 334 1651 J.
358 1611 550 1649 Gulielmi
571 1616 614 1649 et
634 1612 670 1650 J.
696 1612 870 1648 Gruteri.
911 1611 1152 1658 Hamburgi,
1179 1610 1301 1649 1618-
1308 1615 1368 1655 19.

189 1668 323 1714 Neine,
348 1667 456 1705 Otto:
481 1667 535 1704 M.
558 1667 680 1704 Tullii
701 1667 902 1704 Ciceronis
929 1666 980 1704 de
1009 1666 1158 1705 Officiis
1184 1666 1236 1705 ad
1263 1667 1371 1705 Mar-

295 1736 386 1760 cum
408 1722 553 1760 Filium
576 1723 683 1760 Libri
706 1727 799 1760 tres.
823 1721 892 1760 (ite
913 1722 1014 1760 Aufl.
1049 1722 1199 1769 Berlin,
1225 1727 1340 1761 1885.

189 1779 424 1825 Heusinger:
455 1779 510 1815 M.
534 1778 655 1816 Tullii
684 1779 885 1816 Ciceronis
912 1777 964 1816 de
992 1778 1141 1816 Officiis
1167 1777 1258 1815 libri
1285 1783 1370 1817 tres

327 1864 335 1872 .
359 1864 367 1872 .
390 1837 594 1872 recensuit
619 1833 871 1881 adjectisque
898 1834 936 1872 J.
961 1833 1016 1871 M.
1048 1834 1296 1881 Heusingeri
1323 1839 1369 1873 et

295 1893 374 1928 suis
413 1890 741 1927 annotationibus
777 1919 785 1927 .
813 1919 819 1926 .
844 1919 855 1926 .
899 1889 1081 1927 editurus
1120 1894 1207 1927 erat
1243 1890 1281 1928 J.
1321 1889 1363 1928 F.

295 1948 538 1992 Heusinger.
582 1938 751 1991 (Edited
772 1946 824 1992 by
846 1945 885 1984 C.
911 1937 1176 1992 Heusinger.)
1218 1944 1366 1983 Bruns-

290 2005 419 2048 vigae,
446 2005 560 2042 1783.

288 2061 355 2095 xiv
