1546 2294
29 190 98 214 Ann.
112 185 163 220 xii

29 220 149 248 Vahlen2
151 210 285 253 ,370-372

200 634 250 668 85

33 701 104 734 Rep,
119 699 137 726 i.
152 698 205 726 342
219 697 243 723 E

33 828 104 862 Rep.
118 827 158 860 iv,
172 825 227 852 420
242 825 263 850 Β

572 95 773 134 CICERO
804 95 881 133 DE
910 95 1148 135 OFFICIIS

334 178 499 226 Quanto
520 177 569 225 Q.
595 178 796 215 Maximus
814 177 979 216 melius!
1007 177 1060 216 de
1080 191 1160 225 quo
1181 178 1358 218 Ennius:

367 243 483 282 Unus
502 242 624 280 homo
644 242 760 280 nobis
779 241 1010 280 cunctando
1033 245 1215 280 restituit
1233 255 1331 281 rem.

365 307 556 345 Noenum
576 318 757 344 rumores
776 307 956 353 ponebat
969 299 982 323 1
1003 311 1100 344 ante
1121 306 1305 345 salutem.

364 370 474 418 Ergo
494 375 666 418 postque
686 372 896 417 magisque
916 373 989 408 viri
1009 384 1119 408 nunc
1138 371 1266 418 gloria
1286 371 1423 410 claret.

336 435 459 482 Quod
477 447 608 483 genus
627 434 824 482 peccandi
844 434 1055 472 vitandum
1076 440 1139 473 est
1154 438 1279 473 etiam
1293 437 1336 474 in
1355 436 1476 474 rebus

280 501 455 538 urbanis.
517 499 623 538 Sunt
649 501 772 545 enim,
793 501 876 546 qui,
904 499 1013 545 quod
1040 502 1238 546 sentiunt,
1265 502 1344 538 etsi
1370 503 1475 548 opti-

281 578 393 603 mum
413 567 479 611 sit,
495 568 636 601 tamen
655 563 831 601 invidiae
851 569 966 601 metu
985 577 1068 601 non
1087 557 1290 602 audeant²
1305 564 1454 603 dicere.

336 629 464 667 XXV.
504 628 684 667 Omnino
713 630 782 674 qui
811 630 871 665 rei
897 627 1083 675 publicae
1114 628 1339 676 praefuturi
1366 634 1475 676 sunt,

284 693 365 732 duo
387 693 566 730 Platonis
586 696 804 739 praecepta
822 696 1007 738 teneant,
1028 706 1168 740 unum,
1189 698 1236 731 ut
1254 693 1477 732 utilitatem

284 761 431 796 civium
458 759 514 795 sic
540 761 746 802 tueantur,
767 761 828 803 ut,
848 770 1126 803 quaecumque
1146 762 1287 804 agunt,
1309 757 1360 795 ad
1387 771 1476 796 eam

283 817 465 856 referant
503 816 620 854 obliti
659 816 963 854 commodorum
1002 829 1176 863 suorum,
1207 817 1395 864 alterum,
1430 823 1478 856 ut

283 883 418 916 totum
447 889 590 923 corpus
618 878 677 914 rei
707 875 893 923 publicae
923 881 1080 922 curent,
1100 889 1167 923 ne,
1191 876 1290 915 dum
1318 883 1476 925 partem

284 938 460 985 aliquam
478 941 661 982 tuentur,
681 935 855 982 reliquas
875 935 1076 974 deserant.
1124 936 1184 987 Ut
1202 939 1312 975 enim
1331 937 1475 984 tutela,

257 1048 265 1064 )
283 1002 339 1037 sic
358 999 588 1046 procuratio
607 999 666 1034 rei
692 996 878 1043 publicae
905 996 958 1034 ad
984 1009 1123 1034 eorum
1150 991 1385 1044 utilitatem,
1405 1001 1474 1044 qui

208 1419 260 1459 86

285 1060 485 1097 commissi
505 1054 613 1103 sunt
633 1061 717 1094 no'n
722 1056 808 1113 ad
815 1069 968 1103 eorum,
989 1056 1133 1103 quibus
1161 1060 1372 1095 commissa
1397 1062 1473 1104 est,

285 1118 466 1166 gerenda
504 1121 577 1155 est.
638 1115 743 1163 Qui
739 1092 892 1154 ἃῦἷὲῐη
926 1118 1032 1163 parti
1066 1119 1212 1154 civium
1246 1116 1476 1163 consulunt,

286 1184 444 1227 partem
459 1177 700 1223 neglegunt,
714 1189 801 1213 rem
816 1178 1193 1222 perniciosissimam
1207 1179 1250 1214 in
1271 1179 1476 1215 civitatem

287 1238 500 1283 inducunt,
540 1236 785 1274 seditionem
823 1240 947 1282 atque
986 1235 1248 1279 discordiam;
1298 1249 1349 1274 ex
1397 1249 1478 1284 quo

289 1300 439 1343 evenit,
466 1301 514 1334 ut
533 1295 607 1333 -alii
634 1294 862 1342 populares,
889 1295 957 1332 alii
984 1295 1153 1333 studiosi
1179 1298 1323 1342 optimi
1350 1298 1480 1334 cuius-

289 1371 368 1406 que
388 1356 615 1401 videantur,
636 1357 753 1402 pauci
773 1357 1061 1392 universorum.

346 1417 459 1455 Hinc
497 1414 607 1462 apud
645 1414 911 1452 Atheniensis
949 1427 1121 1461 magnae
1161 1413 1399 1461 discordiae,
1437 1417 1480 1453 in

288 1482 426 1516 nostra
453 1488 498 1514 re
527 1474 689 1522 publica
722 1487 805 1511 non
834 1473 965 1512 solum
998 1473 1231 1521 seditiones,
1258 1473 1331 1512 sed
1358 1477 1479 1512 etiam

288 1537 482 1586 pestifera
501 1535 610 1573 bella
635 1533 787 1580 civilia;
816 1546 920 1581 quae
946 1536 1078 1580 gravis
1101 1539 1145 1572 et
1171 1533 1287 1572 fortis
1313 1537 1410 1572 civis
1437 1539 1481 1572 et

345 1626 357 1647 ¹
369 1627 534 1659 Noenum
569 1634 724 1656 rumores
755 1623 911 1666 ponebat
940 1623 1151 1655 Lachmann
1183 1623 1246 1666 (ad
1278 1623 1381 1656 Lucr.
1410 1623 1479 1663 ΙΙΙ,

308 1670 381 1722 ι9ξ)
395 1683 403 1709 ;
422 1671 505 1702 Non
521 1669 617 1701 enim
634 1678 790 1700 rumores
799 1667 955 1709 ponebat
970 1668 1092 1705 MSS.;
1109 1668 1191 1699 Non
1211 1668 1365 1710 ponebat
1384 1668 1480 1700 enim

303 1717 533 1790 all2''autieant
547 1755 692 1787 Ernesti
708 1767 715 1793 ;
732 1755 870 1786 audent
885 1755 1006 1792 MSS,
1023 1754 1105 1793 Bt.¹‚
1124 1755 1251 1787 Heine.

353 1847 597 1888 ⁹⁴Sacrifieing
612 1845 731 1888 public
748 1845 919 1877 interests
936 1850 972 1876 to
989 1847 1158 1887 personal
1174 1847 1294 1889 glory.

353 1891 371 1915 b
386 1893 491 1924 From
509 1892 569 1923 the
585 1890 696 1922 death
714 1889 756 1921 of
772 1889 927 1921 Pericles
943 1899 1000 1921 on.

355 1942 368 1958 ⁶
380 1937 474 1968 Such
491 1946 535 1967 as
552 1935 611 1966 the
629 1933 846 1975 conspiracy
862 1932 905 1964 of
916 1931 1084 1965 Catiline.

355 1979 372 2002 ‘¹
386 1980 463 2012 The
494 1979 575 2012 civil
606 1988 704 2010 wars
734 1976 775 2009 of
810 1976 948 2009 Marius
986 1977 1061 2010 and
1099 1977 1210 2017 Sulla,
1244 1976 1388 2011 Caesar
1409 1978 1483 2012 and

306 2025 476 2066 Pompey.

403 2074 455 2115 86
