1520 2320
197 358 248 393 34

199 749 249 783 35

570 87 771 157 CICERO
802 115 878 156 DE
908 117 1144 156 OFFICIIS

276 205 323 239 ut
353 205 397 239 et
427 203 514 248 ipse
545 213 598 238 ne
630 199 728 247 quid
760 199 842 238 tale
874 199 1042 247 posthac
1075 204 1119 238 et
1149 202 1276 238 ceteri
1305 201 1389 238 sint
1416 197 1468 237 ad

277 280 463 316 iniuriam
483 277 690 315 tardiores.

333 354 472 402 Atque
506 356 549 392 in
583 367 626 392 re
660 353 822 401 publica
855 356 1029 391 maxime
1064 352 1338 391 conservanda
1375 357 1471 390 sunt

278 434 364 469 iura
391 431 501 470 belli.
561 431 666 468 Nam
696 444 788 468 cum
818 432 901 468 sint
929 430 1010 468 duo
1038 443 1191 477 genera
1219 429 1471 475 decertandi,

279 522 405 547 unum
425 521 498 556 per
517 507 869 554 disceptationem,
889 506 1064 544 alterum
1089 519 1163 554 per
1182 509 1276 553 vim,
1297 518 1469 553 cumque

280 584 381 623 illud
401 587 607 632 proprium
627 586 680 622 sit
699 583 887 630 hominis,
902 583 979 621 hoc
994 583 1216 630 beluarum,
1234 582 1470 630 confugien-

280 662 378 701 dum
412 667 476 700 est
507 661 560 699 ad
593 663 806 708 posterius,
841 663 873 698 si
908 663 967 698 uti
1003 674 1086 698 non
1120 660 1219 699 licet
1251 662 1467 707 superiore.

282 743 417 791 Quare
438 742 694 790 suscipienda
714 741 879 789 quidem
895 742 1002 780 bella
1017 747 1113 780 sunt
1128 742 1180 780 ob
1195 755 1286 780 eam
1301 754 1472 788 causam,

281 831 328 864 ut
347 827 435 864 sine
454 827 599 862 iniuria
619 826 661 861 in
685 837 785 871 pace
812 826 982 870 vivatur,
1002 828 1117 871 parta
1143 828 1282 862 autem
1307 825 1474 861 victoria

282 905 547 946 conservandi
574 908 615 952 ii,
645 907 714 952 qui
743 918 826 942 non
856 905 1041 943 crudeles
1069 907 1112 942 in
1141 904 1262 952 bello,
1287 917 1370 942 non
1398 906 1472 941 im-

281 1001 422 1027 manes
438 987 618 1033 fuerunt,
635 991 682 1024 ut
696 988 866 1024 maiores
881 989 1008 1024 nostri
1021 985 1281 1032 Tusculanos,
1295 985 1473 1032 Aequos,

281 1069 460 1116 Volscos,
481 1068 663 1114 Sabinos,
686 1068 888 1105 Hernicos
907 1069 950 1104 in
974 1069 1182 1105 civitatem
1209 1069 1333 1105 etiam
1359 1079 1472 1104 acce-

280 1154 443 1198 perunt,
458 1153 501 1186 at
521 1147 810 1194 Carthaginem
831 1152 873 1185 et
893 1147 1159 1184 Numantiam
1178 1146 1363 1185 funditus
1387 1159 1471 1184 sus-

281 1231 467 1269 tulerunt
478 1242 487 1274 ;
502 1229 655 1266 nollem
664 1228 916 1274 Corinthum,
925 1228 998 1266 sed
1008 1228 1128 1265 credo
1136 1227 1287 1274 aliquid
1301 1232 1474 1274 secutos,

282 1313 631 1359 opportunitatem
650 1309 728 1347 loci
747 1311 935 1356 maxime,
956 1322 1009 1347 ne
1030 1313 1166 1356 posset
1185 1307 1402 1356 aliquando
1422 1307 1474 1346 ad

283 1392 438 1431 bellum
453 1390 686 1429 faciendum
700 1390 811 1428 locus
827 1393 914 1437 ipse
929 1389 1145 1427 adhortari.
1199 1390 1294 1428 Mea
1309 1388 1475 1436 quidem

284 1476 491 1513 sententia
523 1474 625 1519 paci,
656 1484 759 1518 quae
791 1470 893 1508 nihil
924 1470 1112 1508 habitura
1143 1473 1196 1509 sit
1226 1470 1474 1517 insidiarum,

284 1567 445 1602 semper
465 1558 528 1592 est
548 1552 853 1591 consulendum.
916 1551 964 1589 In
984 1565 1064 1598 quo
1084 1555 1118 1590 si
1143 1551 1243 1589 mihi
1270 1556 1379 1590 esset
1403 1565 1474 1599 op-

284 1639 571 1683 temperatum,
592 1637 624 1672 si
644 1647 726 1671 non
747 1636 956 1680 optimam,
976 1638 1019 1670 at
1037 1633 1213 1680 aliquam
1232 1646 1319 1671 rem
1345 1632 1476 1681 publi-

287 1731 389 1764 cam,
410 1728 514 1763 quae
534 1728 644 1753 nunc
664 1714 775 1752 nulla
795 1719 870 1761 est,
890 1714 1142 1752 haberemus.

342 1798 398 1836 Et
412 1810 503 1835 cum
519 1799 580 1843 iis,
597 1808 696 1842 quos
712 1798 750 1832 vi
771 1795 979 1841 deviceris,
993 1794 1286 1833 consulendum
1301 1799 1377 1841 est,
1389 1799 1475 1834 tum

285 1883 326 1927 ii,
342 1881 411 1926 qui
426 1881 545 1916 armis
558 1879 698 1924 positis
714 1875 764 1914 ad
786 1879 1073 1923 imperatorum
1089 1875 1211 1914 fidem
1226 1875 1478 1923 confugient,

285 1962 468 2008 quamvis
482 1972 641 1996 murum
662 1960 764 1995 aries
784 1960 1038 2004 percusserit,
1052 1957 1285 2004 recipiendi.
1328 1956 1377 1994 In
1397 1969 1477 2004 quo

284 2049 499 2091 *antopere
528 2042 637 2091 apud
666 2047 823 2081 nostros
851 2044 1005 2080 iustitia
1033 2041 1143 2080 culta
1166 2047 1242 2089 est,
1270 2046 1316 2080 ut
1344 2044 1385 2090 ii,
1406 2045 1474 2089 qui

397 2098 449 2139 86
