1546 2294
218 418 270 458 49

593 92 793 131 CICERO
825 92 900 131 DE
930 93 1167 134 OFFICIIS

298 184 361 210 ros
375 173 632 211 arbitrantur.
693 173 736 212 Si
756 187 851 212 vero
871 177 979 213 inest
998 177 1040 212 in
1060 178 1242 215 oratione
1261 179 1388 215 mixta
1408 189 1492 215 mo-

298 251 431 290 destia
450 257 638 300 gravitas,
661 253 762 291 nihil
783 254 1058 294 admirabilius
1084 255 1169 294 fieri
1193 261 1343 304 potest,
1363 269 1494 304 eoque

299 336 441 380 magis,
459 337 491 372 si
512 347 560 373 ea
579 339 676 373 sunt
695 337 738 372 in
758 335 1034 374 adulescente.

356 414 438 453 Sed
470 429 560 453 cum
593 418 676 454 sint
706 416 822 463 plura
853 430 1061 455 causarum
1092 431 1257 466 genera,
1281 431 1386 466 quae
1412 418 1496 458 elo-

298 498 508 542 quentiam
535 496 785 544 desiderent,
806 497 1007 545 multique
1033 501 1076 536 in
1103 504 1241 537 nostra
1263 513 1307 538 re
1335 499 1496 547 publiea

298 576 581 616 adulescentes
610 582 654 616 et
681 577 790 625 apud
819 578 972 617 iudices
1001 584 1045 617 et
1073 579 1181 626 apud
1212 570 1422 627 populum¹
1452 585 1497 618 et

300 657 409 705 apud
429 663 616 696 senatum
636 658 811 697 dicendo
831 659 994 698 laudem
1013 663 1187 699 assecuti
1206 663 1302 707 sint,
1322 663 1497 699 maxima

254 777 257 780 s
300 743 364 777 est
382 738 595 777 admiratio
614 742 656 777 in
677 739 845 778 iudiciis.

217 1310 268 1344 50

356 819 540 868 Quorum
560 823 662 859 ratio
682 821 833 868 duplex
855 827 928 860 est.
980 822 1086 860 Nam
1106 836 1156 861 ex
1176 825 1432 862 accusatione
1453 828 1497 862 et

300 914 351 940 ex
382 900 620 940 defensione
653 907 832 948 constat3
866 916 1035 950 quarum
1064 906 1142 941 etsi
1170 902 1408 942 laudabilior
1433 908 1496 943 est

300 982 498 1030 defensio,
531 987 669 1021 tamen
705 986 829 1021 etiam
862 987 1064 1022 accusatio
1098 984 1267 1032 probata
1300 995 1485 1033 persaepe

299 1069 373 1102 est.
435 1064 530 1102 Dixi
557 1063 676 1111 paulo
696 1069 792 1103 ante
820 1064 872 1103 de
900 1065 1060 1111 Crasso3
1089 1065 1199 1104 idem
1230 1065 1330 1104 fecit
1353 1065 1493 1105 adule-

298 1158 415 1183 scens
447 1144 503 1182 M.
522 1144 736 1183 Antonius.
798 1145 932 1184 Etiam
970 1145 1010 1183 P.
1034 1145 1186 1193 Sulpici
1217 1145 1491 1193 eloquentiam

299 1227 502 1263 accusatio
539 1224 768 1272 illustravit,
808 1239 899 1264 cum
942 1226 1180 1264 seditiosum
1209 1221 1268 1264 *et
1305 1226 1493 1265 inutilem

298 1308 440 1352 civem,
462 1305 503 1343 C.
527 1305 777 1353 Norbanum,
798 1309 840 1344 in
866 1306 1059 1344 iudicium
1079 1309 1246 1345 vocavit.
1307 1306 1389 1346 Sed
1416 1307 1493 1346 hoc

298 1370 463 1434 Quidem
487 1400 567 1424 non
596 1391 659 1425 est
688 1400 808 1435 saepe
836 1387 1067 1426 faciendum
1094 1401 1170 1426 nec
1197 1401 1388 1435 umquam
1415 1391 1491 1427 nisi

298 1471 369 1505 aut
402 1470 461 1505 rei
495 1467 681 1514 publicae
715 1481 846 1515 causa,
878 1473 926 1506 ut
959 1471 1000 1515 ii,
1032 1481 1131 1515 quos
1161 1473 1258 1507 ante
1293 1468 1389 1515 dixi,
1420 1475 1492 1508 aut

297 1543 530 1591 ulciscendi,
550 1549 596 1582 ut
616 1544 697 1582 duo
725 1544 896 1592 Luculli,
916 1550 987 1583 aut
1013 1547 1238 1592 patrocinii,
1258 1549 1304 1583 ut
1323 1557 1396 1584 nos
1415 1558 1489 1593 pro

296 1612 452 1666 Siculis,
474 1633 546 1666 pro
573 1619 707 1658 Sardis
728 1623 769 1658 in
790 1620 964 1658 Albucio
990 1620 1126 1658 Iulius.
1188 1619 1237 1658 In
1261 1621 1487 1659 accusando

294 1699 418 1735 etiam
459 1696 527 1733 Μ’.
567 1696 728 1743 Aquilio
768 1697 812 1735 L.
848 1697 933 1735 Fufi
973 1699 1136 1744 cognita
1174 1696 1372 1735 industria
1410 1702 1484 1736 est.

295 1771 429 1810 Semel
466 1774 590 1818 igitur
623 1777 694 1810 aut
732 1786 813 1810 non
848 1786 969 1820 saepe
1001 1777 1124 1811 certe.
1185 1772 1257 1811 Sin
1296 1774 1386 1819 crit,
1422 1776 1486 1811 cui

296 1847 524 1886 faciendum
551 1850 604 1885 sit
630 1851 801 1896 saepius,
822 1852 880 1888 rei
909 1848 1094 1896 publicae
1124 1849 1277 1886 tribuat
1302 1847 1378 1886 hoc
1398 1822 1484 1886 mu-

297 1927 415 1971 neris,
437 1926 549 1962 cuius
579 1927 760 1964 inimicos
790 1924 929 1963 ulcisci
958 1927 1116 1972 saepius
1146 1937 1227 1962 non
1258 1928 1322 1962 est
1351 1936 1486 1971 repre-

427 2030 480 2062 'et
495 2028 775 2071 apudpopulum
793 2038 824 2067 c,
845 2026 954 2064 Edd.;
971 2030 1033 2059 not
1051 2026 1086 2058 in
1104 2026 1131 2058 B
1151 2025 1183 2058 Η
1202 2036 1225 2058 a
1242 2024 1276 2058 b.

407 2086 486 2119 218
