1546 2294
255 606 307 639 54

260 1565 310 1600 55

626 74 828 113 CICERO
859 74 935 112 DE
964 74 1201 115 OFFICIIS

333 161 440 195 tares
459 156 559 203 fore,
580 169 679 203 quos
699 159 871 204 pecunia
891 157 1159 204 corrupisses?
1211 157 1278 196 An
1299 162 1344 196 tu
1364 158 1406 196 id
1425 161 1524 206 agis,

333 225 380 259 ut
400 221 647 259 Macedones
666 234 750 259 non
767 225 812 259 te
831 234 971 268 regem
991 234 1121 268 suum,
1142 221 1215 260 sed
1233 224 1462 260 ministrum
1483 227 1526 262 et

334 278 626 333 praebitorem¹
649 290 816 333 sperent
830 285 941 324 fore?
952 286 974 299 '¹

392 346 504 384 Bene
520 336 784 384 “ministrum
801 350 844 384 et
860 346 1174 394 praebitorem,”
1184 336 1202 363 ²
1217 348 1311 393 quia
1323 346 1528 384 sordidum

335 413 435 458 regi,
455 410 600 448 melius
620 413 759 458 etiam,
779 409 887 457 quod
910 410 1169 457 largitionem
1190 400 1526 458 “corruptelam'’

335 475 439 513 dixit
469 488 578 521 esse;
612 474 658 513 fit
688 477 798 513 enim
829 474 1020 522 deterior,
1039 477 1109 521 qui
1138 477 1299 522 accipit,
1324 479 1447 522 atque
1476 475 1526 513 ad

337 540 444 578 idem
465 553 625 587 semper
645 538 964 587 exspectandum
983 542 1168 587 paratior.

394 601 485 638 Hoc
505 600 574 638 ille
594 599 688 646 filio,
709 599 781 637 sed
800 603 1063 647 praeceptum
1082 604 1272 646 putemus
1291 599 1487 638 omnibus.

390 660 522 708 Quam
539 660 590 697 ob
606 673 692 698 rem
711 659 755 698 id
774 659 939 706 quidem
959 672 1041 697 non
1060 658 1229 697 dubium
1249 663 1325 705 est,
1341 661 1439 706 quin
1459 659 1528 697 illa

338 722 581 767 benignitas,
609 732 712 766 quae
739 723 900 757 constet
933 731 983 756 ex
1017 731 1139 766 opera
1168 723 1212 756 et
1243 718 1454 765 industria,
1486 724 1530 757 et

339 781 546 818 honestior
560 782 613 817 sit
633 784 676 817 et
694 778 814 816 latius
835 782 974 826 pateat
989 783 1032 816 et
1052 780 1178 825 possit
1196 777 1386 825 prodesse
1406 778 1530 825 pluri-

338 842 433 886 bus;
461 853 544 877 non
564 851 785 885 numquam
811 843 950 876 tamen
970 842 1034 876 est
1061 837 1330 884 largiendum,
1350 851 1427 875 nec
1454 837 1530 876 hoc

338 902 603 947 benignitatis
622 911 752 946 genus
767 900 932 936 omnino
947 897 1243 944 repudiandum
1263 902 1327 935 est
1346 902 1390 935 et
1408 910 1527 944 saepe

339 962 495 999 idoneis
514 959 745 997 hominibus
760 958 1038 1004 indigentibus
1053 957 1106 995 de
1120 970 1164 995 re
1180 956 1365 994 familiari
1380 959 1526 1004 imper-

341 1020 539 1067 tiendum,
560 1019 633 1058 sed
653 1018 874 1065 diligenter
887 1023 1010 1064 atque
1030 1016 1260 1062 moderate;
1280 1017 1398 1054 multi
1418 1019 1524 1055 enim

340 1082 582 1129 patrimonia
612 1078 844 1117 effuderunt
873 1076 1102 1115 inconsulte
1135 1076 1356 1123 largiendo.
1416 1075 1525 1124 Quid

340 1146 476 1179 autem
493 1145 555 1177 est
574 1138 737 1177 stultius
752 1151 886 1184 quam,
902 1136 1009 1184 quod
1029 1136 1207 1174 libenter
1225 1135 1360 1183 facias,
1375 1149 1527 1184 curare,

342 1207 387 1240 ut
401 1200 443 1239 id
455 1200 607 1238 diutius
623 1198 755 1236 facere
771 1210 853 1235 non
869 1197 1018 1244 possis?
1063 1196 1199 1243 Atque
1215 1199 1338 1234 etiam
1353 1208 1528 1242 sequun-

341 1267 407 1300 tur
443 1260 701 1306 largitionem
734 1259 898 1304 rapinae
914 1269 923 1301 ;
971 1269 1063 1293 eum
1097 1258 1206 1293 enim
1240 1255 1374 1293 dando
1408 1268 1530 1302 egere

341 1323 577 1368 coeperunt,
590 1318 732 1355 alienis
752 1317 867 1354 bonis
883 1329 1024 1353 manus
1044 1314 1185 1353 afferre
1201 1319 1412 1361 coguntur.
1455 1314 1531 1362 Ita,

341 1394 433 1419 cum
462 1378 762 1417 benivolentiae
789 1374 1082 1422 comparandae
1102 1387 1220 1412 causa
1246 1373 1416 1412 benefici
1443 1387 1530 1412 esse

341 1440 482 1486 velint,
503 1451 585 1476 non
616 1441 732 1475 tanta
763 1435 897 1474 studia
921 1438 1191 1481 assequuntur
1213 1446 1365 1479 eorum,
1385 1433 1529 1480 quibus

341 1499 558 1544 dederunt,
579 1501 731 1544 quanta
751 1495 842 1533 odia
862 1507 1015 1540 eorum,
1035 1493 1180 1540 quibus
1199 1492 1452 1531 ademerunt.

397 1558 530 1606 Quam
550 1557 602 1595 ob
621 1569 707 1594 rem
727 1567 804 1592 nec
824 1557 881 1591 ita
901 1552 1126 1590 claudenda
1146 1565 1208 1590 res
1229 1556 1292 1590 est
1311 1551 1528 1599 familiaris,

340 1624 387 1657 ut
413 1631 502 1656 eam
529 1618 761 1662 benignitas
786 1615 943 1660 aperire
970 1625 1051 1650 non
1078 1614 1217 1659 possit,
1237 1624 1314 1650 nec
1339 1613 1397 1649 ita
1422 1624 1527 1649 rese-

339 1678 477 1724 randa,
497 1682 544 1715 ut
575 1679 715 1723 pateat
740 1673 946 1718 omnibus;
976 1670 1119 1709 modus
1153 1670 1398 1717 idhibeatur,
1417 1673 1529 1717 isque

385 1750 634 1794 'praebitorem
653 1748 680 1780 B
700 1747 733 1779 H
754 1747 782 1778 L
798 1746 822 1778 b
837 1757 856 1778 c
875 1756 911 1787 p;
931 1745 1093 1787 praebito
1117 1756 1166 1776 ·m
1178 1746 1318 1786 putant
1331 1754 1367 1776 a.

383 1795 559 1838 ’sperent⁸
576 1817 584 1825 .
602 1817 610 1825 .
622 1791 856 1834 praebitorem
875 1790 902 1821 L
918 1800 937 1821 e
954 1799 989 1830 p,
1010 1788 1089 1820 Ede
1144 1793 1205 1820 not
1223 1788 1257 1820 in
1275 1788 1303 1820 B
1323 1786 1357 1820 H
1375 1797 1398 1820 a
1414 1786 1451 1820 b.

332 1843 1079 1859 -————-,—.—-———-

371 1879 506 1922 aJulius
522 1877 665 1911 Caesar
679 1885 757 1908 was
773 1885 796 1906 a
813 1873 973 1925 striking
989 1872 1157 1922 example
1174 1870 1215 1903 of
1235 1870 1317 1903 this.

370 1923 526 1956 bcicero
541 1920 726 1961 evidently
747 1918 820 1950 had
847 1928 880 1948 m
900 1915 999 1948 mund
1016 1916 1111 1967 ‚suc-h
1135 1919 1320 1947 tnstances
1343 1924 1387 1966 as
1417 1913 1529 1952 Sulla,

335 1965 662 2053 g{e?ar&2tntg3?v,
675 1963 748 1996 and
760 1960 1080 1995 Catinae—altem
1097 1961 1277 2004 appetens,
1291 1968 1349 1990 sut
1360 1957 1532 2001 profic-sus

445 2066 525 2101 224
