1546 2294
186 348 276 404 (55)

232 1301 282 1342 56

233 1710 281 1749 57

619 117 820 159 CICERO
851 119 927 158 DE
955 119 1192 159 OFFlclls

305 213 554 255 monstrare3
587 222 682 247 nam
716 214 779 249 est
812 212 1012 248 scientem
1044 212 1088 248 in
1121 221 1299 248 errorem
1330 207 1507 248 alterum

307 275 550 315 inducere.’'

364 343 570 395 Diogenes
591 350 753 384 contra:
784 345 933 384 “Num
960 351 1003 384 te
1030 359 1165 384 emere
1190 348 1338 397 coegit,
1358 348 1428 398 qui
1453 358 1507 384 ne

310 408 494 449 hortatus
513 411 679 463 quidem
700 414 791 451 est?
850 412 939 460 Ille,
959 412 1069 464 quod
1094 425 1177 450 non
1200 411 1399 463 placebat,
1421 425 1510 463 pro-

311 480 483 528 scripsit,
504 483 563 526 tu,
585 479 694 530 quod
718 479 920 531 placebat,
941 482 1087 518 emisti.
1146 478 1316 527 Quodsi,
1334 481 1405 531 qui
1423 492 1513 530 pro-

310 545 492 584 scribunt
530 546 667 584 villam
706 548 854 586 bonam
894 547 1082 599 beneque
1124 546 1390 594 aedificatam,
1429 560 1512 585 non

312 616 596 652 existimantur
615 612 822 663 fefellisse,
843 617 1002 654 etiamsi
1030 614 1100 654 illa
1122 628 1199 653 nee
1225 615 1331 653 bona
1353 619 1416 653 est
1439 628 1516 654 nec

313 681 523 720 aedificata
560 685 731 730 ratione,
770 682 899 720 multo
939 685 1085 730 minus,
1123 685 1193 734 qui
1231 682 1397 721 domum
1434 695 1516 721 non

315 747 541 787 laudarunt.
618 749 699 788 Ubi
738 752 847 788 enim
885 749 1080 788 iudicium
1118 753 1312 801 emptoris
1349 755 1426 798 est,
1463 751 1518 789 ibi

314 816 422 855 fraus
453 817 674 856 venditoris
706 831 810 870 quae
844 823 981 870 potest
1015 820 1132 857 esse?
1188 817 1261 857 Sin
1289 823 1428 857 autem
1456 817 1518 856 di-

315 889 428 923 ctum
450 898 532 923 non
556 899 676 925 omne
703 886 994 938 praestandum
1021 891 1098 934 est,
1121 885 1232 938 quod
1255 885 1411 924 dictum
1435 899 1518 925 non

315 957 391 1000 est,
411 952 454 991 id
483 953 771 1004 praestandum
800 955 947 1005 putas?
1005 953 1115 1002 Quid
1143 967 1239 993 vero
1268 959 1331 993 est
1357 954 1520 993 stultius

314 1033 434 1073 quam
464 1021 719 1061 venditorem
747 1025 833 1061 eius
862 1025 934 1070 rei,
961 1036 1083 1074 quam
1111 1022 1274 1068 vendat,
1301 1024 1399 1060 vitia
1431 1035 1520 1060 nar-

315 1089 433 1127 rare?
466 1088 564 1140 quid
597 1094 736 1128 autem
769 1095 854 1128 tam
887 1089 1119 1137 absurdum,
1149 1103 1269 1141 quam
1303 1092 1336 1128 si
1367 1089 1521 1128 domini

316 1146 425 1196 iussu
464 1160 521 1196 ita
558 1171 704 1209 praeco
743 1158 977 1209 praedicet:
1017 1157 1220 1196 ‘Domum
1259 1157 1520 1210 pestilentem

317 1225 450 1264 vendo
464 1225 472 1238 ’
487 1226 504 1263 ?
518 1225 539 1238 ”

373 1292 439 1331 Sic
459 1306 556 1344 ergo
576 1296 619 1331 in
638 1293 879 1345 quibusdam
900 1296 1027 1332 causis
1049 1293 1182 1332 dubiis
1198 1307 1247 1332 ex
1263 1293 1391 1332 altera
1406 1299 1521 1346 parte

317 1360 554 1399 defenditur
569 1360 774 1415 honestas,
790 1374 840 1400 ex
860 1360 988 1400 altera
1007 1364 1065 1399 ita
1084 1361 1136 1399 de
1159 1361 1336 1400 utilitate
1357 1361 1520 1411 dicitur,

318 1433 364 1467 ut
384 1428 439 1476 id,
455 1427 564 1480 quod
580 1428 681 1466 utile
697 1428 895 1476 videatur,
912 1441 995 1466 non
1015 1428 1136 1466 modo
1155 1428 1288 1468 facere
1303 1428 1519 1468 honestum

318 1499 384 1543 sit,
403 1496 477 1535 sed
497 1499 621 1535 etiam
642 1500 724 1534 non
745 1496 879 1535 facere
902 1502 1034 1547 turpe.
1096 1496 1212 1534 Haec
1232 1501 1296 1535 est
1316 1496 1398 1544 illa,
1418 1511 1521 1549 quae

318 1564 646 1603 videturutilium
655 1564 739 1602 fieri
749 1577 841 1602 cum
854 1563 1036 1602 honestis
1049 1577 1169 1615 saepe
1182 1563 1387 1603 dissensio.
1406 1563 1521 1612 Quae

318 1631 577 1670 diiudicanda
605 1632 726 1671 suntl
742 1645 753 1678 ;
787 1645 869 1670 non
899 1635 1022 1680 enim,
1050 1637 1098 1670 ut
1125 1645 1424 1683 quaereremuS,
1453 1646 1521 1672 ex-

319 1703 536 1751 posuimus,
557 1700 629 1739 sed
658 1706 705 1738 ut
734 1701 1036 1751 explicaremus.
1097 1700 1189 1739 Non
1215 1703 1341 1751 igitur
1362 1700 1515 1740 videtui

319 1782 395 1807 nec
443 1768 728 1807 frumentarius
776 1768 845 1807 ille
891 1768 1085 1806 Rhodios2
1132 1781 1209 1806 nec
1251 1767 1317 1806 hic
1359 1768 1519 1807 'aedium

319 1836 506 1875 venditor
532 1836 663 1875 celare
693 1842 896 1888 emptores
925 1836 1124 1875 debuisse.
1186 1837 1330 1887 Neque
1350 1838 1460 1874 enim
1479 1837 1518 1875 id

319 1911 383 1945 est
409 1905 552 1952 celare,
572 1905 764 1958 quicquid
789 1908 973 1953 reticeas,
993 1904 1064 1943 sed
1088 1918 1193 1951 cum,
1213 1904 1321 1956 quod
1341 1909 1387 1943 tu
1407 1907 1521 1953 scias,

374 2011 387 2033 ¹
411 2014 497 2044 sunt
512 2011 626 2050 MSS..
647 2011 736 2050 Bt.¹,
752 2011 882 2050 Heme,
898 2011 985 2048 Ed.;
1009 2013 1059 2043 est
1070 2010 1278 2054 [dissensio]
1294 2010 1425 2052 Unger,
1441 2010 1520 2044 Bt.¹

372 2057 388 2080 ¹
413 2058 572 2091 Rhodios
588 2068 619 2096 c,
638 2058 751 2096 Edd.;
778 2058 943 2091 Rhodius
961 2057 992 2089 B
1009 2055 1047 2089 H
1062 2065 1085 2089 a
1102 2057 1137 2090 b.

445 2116 521 2149 3‘24
