1546 2294
206 497 261 536 94

209 1462 262 1502 95

583 96 783 137 CICERO
814 98 891 136 DE
919 98 1157 139 OFFICIIS

288 175 453 224 quidam
501 182 666 216 ornatus
711 181 831 225 vitae,
874 183 1161 226 temperantia·
1193 184 1239 220 et
1283 173 1482 228 modestia

290 244 501 288 omnisque
535 242 691 280 sedatio
725 244 1076 290 perturbationum
1109 247 1234 282 animi
1267 250 1312 284 et
1349 258 1482 284 rerum

289 305 434 344 modus
455 308 643 344 cernitur.
706 307 800 344 Hoc
823 307 912 345 loco
938 311 1172 349 continetur
1194 309 1251 357 id,
1271 310 1379 356 quod
1404 309 1484 348 dici

292 369 438 407 Latine
470 370 662 408 decorum
694 372 1040 418 potest3'Graece
1073 376 1183 411 enim
1213 372 1358 420 πρέπον
1386 374 1481 412 (1ίοί-

290 439 368 471 tur.
420 427 574 472 Huius¹
606 438 664 473 vis
699 449 747 473 ea
781 441 855 482 est,
886 441 933 474 ut
961 437 1012 474 ab
1044 436 1216 475 honesto
1247 451 1330 475 non
1360 444 1485 485 queat

291 496 490 540 separari;
519 508 614 532 nam
652 499 709 541 et,
748 495 857 542 quod
895 496 1028 542 decet,
1068 496 1286 535 honestum
1325 503 1388 536 est
1426 503 1482 545 et,

291 553 400 600 quod
423 553 641 591 honestum
665 560 741 601 est,
766 555 911 600 decet;
941 556 1068 602 qualis
1092 561 1231 594 autem
1254 557 1483 595 differentia

291 615 344 651 sit
359 613 521 651 honesti
541 619 584 651 et
603 614 752 660 decori,
768 614 924 652 facilius
939 615 1126 662 intellegi
1142 629 1263 662 quam
1278 616 1483 664 explanari

292 677 439 719 potest.
500 672 705 720 Quicquid
738 679 802 711 est
836 677 959 720 enim,
988 674 1097 721 quod
1131 675 1289 722 deceat,
1318 676 1362 714 id
1394 681 1484 714 tum

291 737 473 779 apparet,
498 746 590 770 cum
614 738 849 779 antegressa
876 739 938 771 est
965 733 1166 772 honestas.
1228 734 1372 782 Itaque
1401 749 1483 773 non

292 792 422 830 solum
459 794 503 829 in
541 791 616 829 hac
654 798 770 839 parte
810 793 1047 840 honestatis,
1078 794 1130 832 de
1169 808 1248 841 qua
1284 794 1362 833 hoc
1395 795 1484 833 loco

293 852 574 889 disserendum
609 857 683 899 est,
719 852 792 890 sed
826 855 950 890 etiam
983 856 1026 891 in
1057 854 1186 892 tribus
1215 855 1485 902 superioribus

292 911 391 957 quid
428 911 574 949 deceat
612 917 791 959 apparet.
859 913 965 950 Nam
999 918 1043 951 et
1075 916 1232 951 ratione
1266 917 1328 952 uti
1360 919 1484 961 atque

293 974 474 1009 oratione
498 972 723 1018 prudenter
747 977 791 1010 et
813 985 948 1019 agere,
969 972 1078 1019 quod
1101 986 1209 1020 agas,
1230 974 1482 1012 considerate

289 1033 480 1077 omnique
509 1034 553 1068 in
580 1044 624 1068 re
655 1031 754 1078 quid
782 1034 835 1069 sit
864 1034 948 1070 veri
974 1033 1111 1070 videre
1141 1038 1185 1070 et
1212 1036 1319 1071 tueri
1347 1033 1482 1080 decet,

292 1096 513 1137 contraque
551 1090 650 1138 falli,
690 1104 837 1138 errare,
875 1091 969 1138 labi,
1009 1091 1142 1139 decipi
1184 1097 1270 1130 tam
1307 1092 1482 1131 dedecet

292 1163 413 1198 quam
432 1150 604 1188 delirare
625 1156 668 1188 et
686 1156 826 1188 mente
847 1164 934 1188 esse
954 1156 1139 1198 captum3
1168 1156 1212 1190 et
1226 1154 1331 1190 iusta
1349 1154 1484 1190 omnia

292 1210 438 1248 decora
457 1216 566 1257 sunt,
586 1213 733 1248 iniusta
755 1216 907 1257 contra,
927 1216 975 1248 ut
993 1214 1140 1258 turpia,
1160 1214 1216 1249 sic
1235 1212 1435 1250 indecora.

349 1274 497 1312 Similis
518 1279 581 1312 est
599 1277 702 1311 ratio
722 1274 982 1312 fortitudinis.
1043 1274 1164 1321 Quod
1189 1277 1299 1312 enim
1318 1275 1486 1312 viriliter

292 1337 508 1380 animoque
542 1347 690 1380 magno
725 1334 782 1380 fit,
817 1334 859 1371 id
893 1334 1064 1380 dignum
1099 1337 1183 1372 viro
1216 1339 1260 1372 et
1293 1334 1484 1372 decorum

293 1393 466 1440 videtur,
488 1394 597 1441 quod
617 1399 770 1440 contra,
791 1393 834 1431 id
853 1399 900 1431 ut
919 1399 1053 1440 turpe,
1074 1397 1130 1432 sic
1149 1394 1396 1432 indecorum.

350 1457 486 1505 Quare
525 1461 707 1505 pertinet
744 1457 910 1504 quidem
943 1457 995 1495 ad
1029 1471 1191 1495 omnem
1226 1456 1508 1495 honestatem'

292 1518 382 1564 hoe,
415 1517 523 1564 quod
557 1518 660 1563 dico,
692 1517 897 1563 decorum,
930 1521 974 1554 et
1006 1519 1064 1554 ita
1096 1519 1290 1564 pertinet,
1321 1521 1370 1554 ut
1402 1530 1482 1554 non

292 1578 503 1615 recondita
549 1577 723 1623 quadam
770 1579 926 1614 ratione
974 1581 1175 1623 cernatur,
1222 1575 1295 1614 sed
1343 1579 1396 1615 sit
1442 1578 1484 1612 in

293 1642 493 1684 promptu.
563 1636 637 1673 Est
676 1638 786 1673 enim
825 1635 1030 1682 quiddam,
1070 1635 1192 1682 idque
1230 1635 1486 1681 intellegitur

341 1716 352 1736 ¹
371 1718 513 1749 dicitur.
558 1716 685 1748 Huius
702 1716 811 1754 Edd.;
828 1716 964 1747 dicitur
977 1716 1147 1748 decorum.
1182 1715 1293 1747 huius
1311 1715 1413 1747 MSS.

337 1810 354 1826 ²
365 1805 540 1836 Decorum
565 1802 726 1834 Cicero’s
749 1806 906 1843 attempt
930 1805 968 1833 to
992 1802 1171 1833 translate
1196 1802 1331 1841 πρέπον,
1359 1811 1487 1832 means

290 1859 339 1880 an
355 1847 606 1889 appreciation
622 1846 664 1877 of
676 1846 734 1877 the
752 1845 878 1877 fitness
895 1845 936 1877 of
948 1846 1085 1886 things,
1105 1846 1290 1886 propriety
1302 1845 1335 1876 in
1347 1844 1486 1881 inward

296 1892 430 1933 feeling
443 1902 484 1922 or
494 1890 661 1922 outward
675 1900 918 1931 appearance,
936 1889 970 1921 in
982 1889 1126 1931 speech,
1143 1888 1352 1928 behaviour,
1368 1889 1484 1925 dress,

291 1941 360 1968 etc.
407 1936 582 1967 Decorum
607 1934 638 1965 is
662 1944 706 1965 as
731 1931 880 1964 difficult
907 1937 944 1965 to
970 1934 1148 1964 translate
1174 1932 1248 1963 into
1273 1931 1425 1974 English
1442 1942 1486 1963 as

294 1980 417 2020 πρέπον
434 1979 464 2010 is
477 1983 514 2009 to
531 1977 730 2019 reproduce
747 1977 782 2008 in
801 1976 924 2014 Latin;
948 1987 992 2008 as
1015 1987 1062 2009 an
1086 1975 1277 2019 adjective,
1303 1976 1330 2008 it
1354 1976 1384 2008 is
1400 1976 1486 2008 here

296 2023 472 2056 rendered
489 2021 536 2064 by
556 2023 564 2039 ‘
578 2020 734 2064 proper,’
750 2031 793 2053 as
809 2031 833 2053 a
849 2030 958 2060 noun,
976 2019 1024 2063 by
1044 2022 1052 2038 ‘
1065 2020 1278 2062 propriety.'

402 2072 456 2117 96
