1520 2320
565 114 764 154 CICERO
795 115 871 154 DE
901 116 1137 158 OFFICIIS

271 202 315 236 et
332 199 530 245 pecuniae
549 196 745 244 fugienda
772 198 992 245 cupiditas3
1021 199 1123 238 nihil
1150 203 1260 238 enim
1287 206 1351 239 est
1377 206 1461 240 tam

271 257 433 300 angusti
466 256 590 291 animi
624 259 790 300 tamque
824 258 935 301 parvi
970 268 1090 302 quam
1121 269 1256 296 amare
1287 257 1460 305 divitias,

271 309 373 348 nihil
407 310 617 348 honestius
651 310 1057 359 magnificentiusque
1093 326 1214 360 quam
1247 317 1461 361 pecuniam

272 371 549 413 contemnere,
569 369 602 404 si
621 379 702 404 non
727 366 890 414 habeas,
912 370 944 405 si
970 367 1132 416 habeas,
1153 369 1205 407 ad
1230 369 1461 408 beneficen-

271 425 371 461 tiam
389 422 758 470 liberalitatemque
778 423 972 462 conferre.

327 479 516 517 Cavenda
554 481 678 516 etiarn
717 484 780 517 est
817 479 970 526 gloriae
1009 480 1222 528 cupiditas,
1257 486 1305 520 ut
1341 494 1461 529 supra

271 535 376 580 dixi3
406 538 527 582 eripit
558 538 668 573 enim
698 535 944 583 libertatem,
976 549 1049 584 pro
1082 550 1162 584 qua
1193 541 1460 585 magnanimis

273 593 366 630 viris
385 594 515 629 omnis
535 590 661 629 debet
682 604 769 630 esse
790 595 1009 631 contentio.
1070 593 1158 631 Nec
1178 607 1273 632 vero
1292 597 1461 641 imperia

273 647 505 695 expetenda
534 661 580 685 ac
611 650 746 695 potius
775 653 847 686 aut
877 662 959 686 non
990 650 1225 696 accipienda
1254 650 1460 689 interdum

272 708 344 742 aut
362 703 607 751 deponenda
626 717 708 741 non
728 717 959 751 numquam.

188 759 242 806 69
326 760 562 798 Vacandum
591 765 729 798 autem
758 763 867 798 omni
898 766 961 799 est
988 764 1112 799 animi
1141 762 1461 810 perturbatione,

273 830 365 854 cum
392 816 620 864 cupiditate
649 821 692 854 et
717 821 844 863 metu,
866 822 955 855 tum
983 820 1108 855 etiam
1133 818 1391 865 aegritudine
1418 823 1463 857 et

272 873 482 921 voluptate
501 865 650 910 nimia1
672 877 715 910 et
735 873 955 921 iracundia,
975 879 1022 911 ut
1042 874 1314 921 tranquillitas
1337 877 1461 913 animi

272 934 317 967 et
335 931 529 968 securitas
555 928 674 976 adsit,
696 942 799 976 quae
819 929 936 967 affert
955 943 1047 967 cum
1068 933 1351 978 constantiam,
1371 936 1459 969 tum

272 988 397 1024 etiam
417 985 674 1033 dignitatem.
736 985 860 1023 Multi
880 991 1018 1024 autem
1040 991 1084 1024 et
1102 991 1199 1025 sunt
1218 992 1262 1025 et
1281 986 1460 1035 fuerunt,

272 1044 343 1089 qui
373 1054 476 1089 eam,
507 1054 629 1089 quam
660 1041 763 1088 dico,
795 1042 1134 1089 tranquillitatem
1165 1048 1407 1090 expetentes
1437 1056 1461 1081 a

271 1100 448 1145 negotiis
466 1097 638 1145 publicis
666 1111 710 1135 se
736 1101 984 1136 removerint
1008 1098 1060 1137 ad
1087 1101 1296 1146 otiumque
1322 1098 1458 1147 perfu-

270 1157 428 1203 gerint3
461 1157 504 1191 in
538 1153 600 1192 his
636 1158 679 1191 et
712 1154 951 1192 nobilissimi
989 1154 1218 1202 philosophi
1255 1155 1459 1202 longeque

271 1213 474 1258 principes
503 1214 547 1248 et
575 1209 739 1256 quidam
770 1210 955 1248 homines
985 1213 1115 1249 severi
1141 1216 1185 1249 et
1213 1224 1355 1257 graves
1383 1224 1460 1249 nec

271 1266 409 1314 populi
438 1278 515 1304 nec
544 1268 772 1313 principum
800 1279 932 1304 mores
961 1266 1067 1305 ferre
1096 1272 1330 1315 potuerunt,
1351 1270 1460 1305 vixe-

271 1327 449 1370 runtque
468 1335 551 1359 non
572 1321 674 1359 nulli
694 1324 735 1359 in
756 1325 862 1368 agris
881 1322 1076 1360 delectati
1096 1336 1140 1361 re
1164 1336 1236 1361 sua
1261 1323 1456 1362 familiari.

191 1383 243 1422 70
274 1379 353 1417 His
371 1378 483 1417 idem
509 1380 759 1426 propositum
786 1377 878 1426 fuit,
898 1379 1006 1425 quod
1033 1379 1208 1426 regibus,
1229 1383 1277 1418 ut
1301 1392 1355 1418 ne
1382 1392 1462 1426 qua

271 1448 316 1473 re
332 1439 517 1482 egerent,
532 1447 585 1472 ne
601 1436 665 1472 cui
680 1439 884 1482 parerent,
899 1434 1090 1473 libertate
1105 1440 1333 1483 uterentur,
1349 1438 1461 1474 cuius
1491 1484 1494 1487 Ι

272 1493 478 1540 proprium
499 1495 563 1529 est
582 1493 638 1528 sic
658 1493 805 1537 vivere,
826 1495 873 1528 ut
893 1490 1002 1529 velis.

327 1547 439 1585 XXI.
486 1545 621 1594 Quare
663 1559 754 1584 cum
794 1546 871 1584 hoc
912 1560 1125 1585 commune
1164 1549 1217 1585 sit
1253 1549 1462 1594 potentiae

272 1603 510 1651 cupidorum
553 1616 645 1640 curn
687 1605 748 1649 iis,
788 1616 887 1649 quos
929 1603 1026 1650 dixi,
1065 1605 1216 1650 otiosis,
1253 1603 1371 1642 alteri
1418 1616 1461 1642 se

313 1683 518 1727 ¹voluptate
540 1684 659 1715 nimia
677 1683 799 1722 Orelli,
820 1684 969 1722 Mallem
995 1685 1175 1727 voluptate
1195 1684 1317 1716 animi
1330 1684 1361 1716 A
1378 1684 1412 1716 H
1434 1684 1462 1716 L

275 1740 298 1762 a
314 1729 337 1761 b
355 1740 373 1761 c
387 1740 395 1767 ;
412 1729 477 1761 vol.
495 1727 616 1760 animi
629 1730 664 1759 et
676 1728 850 1759 securitas
861 1728 911 1768 (et
925 1728 1117 1760 iracundia
1132 1731 1175 1760 ut
1189 1732 1231 1760 tr.
1248 1729 1369 1760 animi
1379 1728 1426 1771 by
1439 1739 1463 1760 a

275 1775 368 1806 later
378 1772 475 1805 hand
490 1782 535 1804 on
553 1772 613 1803 the
630 1770 789 1813 margin)
805 1771 832 1803 B
847 1783 854 1810 ;
872 1772 1052 1815 voluptate
1069 1770 1228 1815 [animi],
1244 1773 1315 1811 Bt„
1332 1772 1460 1805 Heine.

316 1888 334 1908 ὃ
345 1884 397 1916 As
414 1882 543 1916 Cicero
560 1882 621 1914 did
637 1886 676 1914 at
693 1883 752 1914 the
770 1882 971 1924 expiration
990 1882 1030 1914 of
1043 1883 1097 1914 his
1113 1882 1331 1924 consulship.

317 1926 335 1951 b
346 1929 398 1960 As
411 1927 511 1960 Sulla
522 1926 583 1958 did
598 1926 631 1958 in
646 1926 702 1958 his
716 1925 965 1968 dictatorship.
1008 1926 1085 1958 The
1098 1931 1262 1958 contr-ast
1273 1931 1311 1959 to
1324 1926 1466 1960 Caesar

275 1973 305 2005 is
322 1973 383 2004 the
402 1981 500 2004 more
518 1970 678 2012 striking
694 1970 750 2002 for
766 1970 926 2003 Cicero’s
942 1973 1004 2002 not
1021 1970 1247 2012 mentioning
1263 1971 1300 2002 it.

318 2021 418 2058 ⁰e.g.
441 2015 559 2054 Plato,
580 2014 763 2053 Aristotle,
784 2014 894 2053 Zeno,
916 2014 1161 2056 Pythagoras,
1180 2014 1438 2056 Anaxagoras,

319 2058 337 2082 d
350 2060 445 2091 Such
461 2070 504 2091 as
521 2058 682 2091 Cicero’s
698 2058 825 2098 friend,
844 2057 998 2098 Atticus,
1017 2059 1090 2091 and
1108 2058 1255 2091 Marcus
1272 2058 1365 2091 Piso.

387 2115 501 2152 70.
