1546 2294
171 280 248 313 143

150 356 200 382 ch.
219 356 248 382 vi

169 820 247 854 144

494 58 505 66 “
567 57 768 97 CICERO
798 58 875 97 DE
904 58 1141 99 OFFICIIS

273 138 370 185 dixi,
392 142 561 177 scientia
581 143 634 177 sit
654 131 987 187 opportunitatis¹
1007 140 1244 179 idoneorum
1263 141 1315 180 ad
1341 155 1465 188 agen-

273 208 370 245 dum
391 213 631 255 temporum.

335 275 418 314 Sed
448 281 586 323 potest
617 276 761 315 eadem
796 290 883 316 esse
915 277 1157 325 prudentiae
1187 277 1384 326 definitio,
1415 279 1469 318 de

279 357 357 391 qua
383 347 582 392 principio
612 344 807 390 diximus;
836 345 913 383 hoc
940 350 1078 384 autem
1104 345 1194 384 loco
1213 346 1266 385 de
1285 347 1468 386 modera-

276 416 388 451 tione
419 418 462 451 et
491 416 762 460 temperantia
790 418 833 451 et
859 413 1001 451 harum
1030 414 1226 452 similibus
1252 415 1469 454 virtutibus

276 484 516 528 quaerimus.
579 481 736 528 Itaque,
758 495 861 528 quae
889 487 1006 520 erant
1032 482 1275 529 prudentiae
1294 485 1467 531 propria,

277 563 348 587 suo
367 549 456 587 loco
477 549 586 587 dicta
607 554 723 595 sunt;
753 563 856 597 quae
876 555 1014 588 autem
1035 550 1177 588 harum
1192 553 1402 598 virtutum,
1415 551 1467 590 de

277 618 422 665 quibus
450 620 529 655 iam
559 617 629 655 diu
659 617 873 665 loquimur,
904 631 1007 665 quae
1037 621 1248 666 pertinent
1275 619 1327 658 ad
1355 633 1468 658 vere-

276 686 466 724 cundiam
505 691 549 724 et
587 686 638 724 ad
678 699 817 723 eorum
851 687 1198 734 approbationem,
1230 687 1468 735 quibuscum

277 754 460 798 vivimus,
481 764 589 787 nunc
610 750 783 788 dicenda
799 756 903 788 sunt.

333 815 440 853 Talis
481 820 543 852 est
581 817 706 861 igitur
740 814 838 852 ordo
871 817 1076 866 actionum
1110 815 1379 863 adhibendus,
1411 821 1471 864 ut,

278 893 399 926 quem
429 879 481 917 ad
515 879 682 917 modum
709 881 752 916 in
781 881 963 917 oratione
990 882 1206 927 constanti,
1234 883 1291 918 sic
1320 883 1362 918 in
1389 884 1472 920 vita

277 947 412 981 omnia
452 946 534 981 sint
573 948 668 990 apta
707 946 816 981 inter
850 956 893 981 se
928 948 972 982 et
1005 947 1290 982 convenientia
1300 957 1310 991 ;
1350 949 1470 993 turpe

278 1011 387 1046 enim
408 1008 606 1055 valdeque
629 1010 815 1045 vitiosum
835 1010 878 1045 in
899 1021 941 1045 re
961 1021 1100 1046 severa
1120 1011 1302 1047 convivio
1321 1009 1444 1056 digna

278 1078 348 1110 aut
387 1072 607 1111 delicatum
647 1072 823 1119 aliquem
862 1072 1013 1110 inferre
1052 1085 1290 1112 sermonem.
1356 1074 1468 1113 Bene

282 1137 468 1183 Pericles,
490 1150 582 1174 cum
609 1136 780 1175 haberet
806 1135 1004 1183 collegam
1031 1139 1073 1174 in
1102 1142 1290 1184 praetura
1313 1137 1469 1186 Sopho-

279 1202 390 1239 clem
406 1206 570 1248 poetam
591 1203 700 1247 iique
721 1200 773 1238 de
802 1204 1005 1239 communi
1033 1202 1160 1239 officio
1187 1205 1471 1241 convenissent

279 1271 323 1303 et
381 1279 473 1302 casu
536 1265 732 1302 formosus
786 1278 887 1312 puer
935 1268 1176 1312 praeteriret
1224 1265 1472 1314 dixissetque

280 1329 519 1376 Sophocles:
552 1319 623 1366 “O
654 1341 823 1375 puerum
854 1328 1081 1376 pulchrum,
1114 1329 1320 1368 Pericle!”
1380 1322 1468 1370 “Al

282 1397 391 1432 enim
420 1398 661 1440 praetorem,
684 1392 898 1440 Sophocle,
919 1393 1042 1430 decet
1061 1407 1143 1431 non
1164 1394 1293 1432 solum
1314 1408 1470 1442 manus,

284 1457 353 1496 ced
374 1460 498 1495 etiam
526 1457 662 1494 oculos
689 1457 943 1495 abstinentes
972 1456 1163 1495 habere.”
1224 1452 1376 1506 Atqui³
1395 1459 1471 1497 hoc

282 1522 390 1560 idem
412 1521 632 1568 Sophocles
653 1524 684 1558 si
706 1523 746 1558 in
768 1521 1015 1559 athletarum
1037 1522 1273 1568 probatione
1289 1523 1470 1570 dixisset,

282 1589 386 1624 iusta
407 1586 723 1632 reprehensione
744 1588 947 1623 caruisset.
1001 1585 1132 1623 Tanta
1159 1589 1217 1624 vis
1243 1591 1307 1625 est
1331 1592 1375 1626 et
1394 1587 1470 1626 loci

281 1656 325 1688 et
351 1653 555 1696 temporis.
622 1650 690 1695 Ut,
712 1652 744 1687 si
765 1652 846 1696 qui,
868 1662 960 1687 cum
981 1663 1140 1687 causam
1161 1653 1214 1688 sit
1233 1655 1408 1697 acturus,
1429 1654 1470 1690 in

281 1717 427 1752 itinere
448 1719 519 1751 aut
539 1716 580 1751 in
605 1713 879 1751 ambulatione
896 1726 1032 1751 secum
1048 1716 1133 1761 ipse
1149 1714 1386 1762 meditetur,
1401 1721 1471 1754 aut

281 1782 313 1816 si
333 1778 430 1826 quid
451 1778 560 1816 aliud
581 1781 780 1815 attentius
796 1781 963 1825 cogitet,
977 1791 1059 1815 non
1079 1777 1415 1826 reprehendatur,
1429 1785 1472 1818 at

338 1855 611 1898 'oportunitatis
628 1855 694 1886 Ed.

337 1899 350 1919 ²
361 1900 523 1951 convivio
535 1899 646 1940 digna
660 1899 687 1930 B
703 1898 736 1930 H
751 1909 774 1930 a
791 1898 826 1937 b,
843 1898 934 1931 Edd.
943 1910 952 1936 ς
965 1899 1127 1932 convivio
1139 1899 1288 1941 dignum
1302 1911 1321 1932 e
1331 1912 1340 1939 ς
1352 1911 1470 1934 convu-

293 1943 636 2029 wssfftZZiLMptiner,
658 1986 788 2024 Heine;
805 1989 912 2029 atque
931 1986 1051 2025 mss,
1069 1986 1124 2020 Bt.

393 2037 470 2076 146
