1546 2294
599 105 799 146 CICERO
831 106 907 146 DE
937 108 1174 149 OFFICIIS

302 198 462 224 causam
494 199 583 225 esse
613 187 743 235 malit,
766 192 814 226 ut
844 188 1020 227 orandae
1051 189 1134 229 litis
1161 195 1336 239 tempus,
1363 193 1496 240 quoad

219 264 272 298 44
301 274 375 308 per
411 261 525 309 leges
563 262 698 310 liceat,
737 264 1026 304 accommodet.
1095 266 1197 305 Cum
1234 280 1329 306 vero
1366 271 1497 308 iurato

210 932 261 966 45

204 1792 256 1832 46

301 340 507 377 sententia
522 338 697 378 dicenda
713 332 820 388 erit,1
833 344 1066 381 meminerit
1081 342 1205 382 deum
1220 357 1263 383 se
1277 337 1499 384 adhibere²

300 419 465 462 testem,
485 414 528 453 id
560 421 635 463 est,
656 421 704 455 ut
733 430 811 464 ego
840 418 1024 465 arbitror,
1052 425 1236 459 mentem
1267 433 1393 469 suam,
1417 435 1496 470 qua

298 490 401 529 nihil
425 489 580 530 homini
600 491 717 531 dedit
737 493 838 533 deus
856 496 943 542 ipse
964 495 1147 535 divinius.
1210 497 1354 545 Itaque
1380 511 1495 546 prae-

298 563 451 602 clarum
465 578 489 602 a
503 565 720 604 maioribus
736 569 965 614 accepimus
980 581 1135 607 morem
1149 570 1318 617 rogandi
1338 570 1494 620 iudicis,

297 639 330 675 si
363 650 457 675 eum
483 643 731 686 teneremus,
764 652 866 683 QUAE
895 653 1015 679 SALVA
1047 654 1138 680 mm:
1169 655 1319 682 memus
1352 657 1490 684 Possrr.

298 709 414 748 Haec
442 713 598 757 rogatio
622 711 675 750 ad
706 725 754 750 ea
785 715 980 761 pertinet,
1002 727 1105 761 quae
1136 715 1256 763 paulo
1286 721 1383 756 ante
1410 717 1494 756 dixi

295 782 468 822 honeste
488 787 617 822 amico
637 798 661 822 a
680 785 815 824 iudice
834 799 952 834 posse
973 787 1140 826 concedi
1151 801 1161 834 ;
1191 802 1286 827 nam
1306 792 1339 828 si
1358 793 1494 829 omnia

295 855 482 894 facienda
506 859 601 904 sint,
622 871 726 905 quae
746 861 865 897 amici
886 859 1028 907 velint,
1048 872 1131 898 non
1153 864 1355 901 amicitiae
1374 863 1490 911 tales,

293 926 365 966 sed
392 931 689 969 coniurationes
713 930 919 978 putandae
946 934 1038 971 sint.
1099 933 1261 981 Loquor
1279 939 1417 974 autem
1437 935 1490 975 de

293 1002 574 1041 communibus
594 1005 781 1042 amicitiis
792 1016 801 1049 ;
831 1018 926 1042 nam
946 1007 988 1042 in
1009 1007 1258 1053 sapienthus
1278 1009 1371 1046 viris
1398 1021 1471 1056 per

291 1074 490 1122 sectisque
505 1075 608 1113 nihil
627 1081 765 1123 potest
784 1090 871 1115 esse
890 1077 984 1116 tale.

349 1146 578 1186 Damonem
609 1153 654 1187 et
694 1148 900 1188 Phintiam
933 1149 1207 1198 Pythagoreos
1237 1152 1377 1192 ferunt
1406 1153 1484 1193 hoc

289 1222 423 1258 animo
443 1223 551 1259 inter
570 1234 613 1259 se
630 1220 766 1269 fuisse,
782 1227 842 1269 ut,
863 1236 955 1261 cum
975 1236 1114 1262 eorum
1129 1224 1247 1263 alteri
1267 1225 1485 1274 Dionysius

292 1298 487 1340 tyramms
519 1292 629 1332 diem
663 1297 774 1332 necis
809 1294 1093 1334 destinavisset
1119 1301 1163 1335 et
1193 1299 1239 1345 is,
1264 1301 1332 1345 qui
1365 1302 1486 1338 morti

290 1365 476 1404 addictus
510 1371 631 1413 esset,
663 1379 812 1414 paucos
845 1368 921 1405 sibi
955 1367 1042 1406 dies
1073 1370 1484 1410 commendandorum

291 1451 452 1477 suorum
473 1452 591 1477 causa
610 1439 908 1487 postulavisset,
928 1454 996 1479 vas
1023 1440 1153 1480 factus
1179 1435 1258 1481 sit⁸
1276 1443 1381 1482 alter
1400 1447 1485 1484 eius

290 1510 472 1558 sistendi,
493 1516 552 1558 ut,
574 1513 607 1550 si
633 1511 703 1550 ille
730 1525 813 1550 non
833 1516 1079 1560 revertisset,
1100 1515 1355 1554 moriendum
1375 1523 1484 1556 esset

289 1578 375 1623 ipsi.
437 1574 518 1622 Qui
550 1589 641 1614 cum
676 1576 728 1614 ad
762 1576 871 1615 diem
910 1590 953 1616 se
991 1581 1224 1627 recepisset,
1262 1579 1482 1620 admiratus

290 1658 428 1686 eorum
460 1647 582 1686 fidem
615 1653 811 1695 tyrannus
844 1652 1002 1697 petivit,
1030 1655 1077 1689 ut
1107 1664 1150 1690 se
1179 1651 1233 1691 ad
1262 1655 1480 1692 amicitiam

287 1722 454 1759 tertium
474 1721 732 1759 ascriberent.

343 1793 444 1831 Cum
464 1795 589 1840 igitur
609 1793 663 1840 id,
685 1792 794 1841 quod
814 1794 914 1833 utile
936 1792 1097 1834 videtur
1116 1799 1159 1834 in
1178 1798 1367 1847 amicitia,
1387 1812 1479 1838 cum

286 1879 348 1913 eo,
369 1865 477 1913 quod
503 1865 721 1904 honestum
750 1871 824 1914 est,
847 1873 1112 1916 comparatur,
1134 1871 1263 1908 iaceat
1289 1870 1478 1910 utilitatis

333 1959 416 1992 'erit
432 1959 514 1998 Ed.‚
535 1957 622 1998 Bt.²‚
643 1958 760 1992 Heine
774 1971 783 1998 ς
798 1961 849 1992 sit
865 1960 988 2000 MSS.;
1004 1964 1058 1994 est
1073 1961 1142 1995 Bt.¹

327 2002 512 2034 2adl1ibere
530 2003 557 2034 B
577 2003 609 2035 H
626 2013 661 2042 a,
683 2003 754 2043 Bt.,
774 2003 858 2041 Ed.;
874 2003 999 2037 habere
1015 2005 1037 2037 b
1054 2015 1084 2045 c,
1106 2006 1220 2047 Lact.‚
1241 2007 1378 2041 Miiller.

327 2047 394 2079 ³sit
411 2046 615 2086 Manubius,
636 2047 746 2086 Edd.;
762 2051 814 2080 est
829 2049 948 2088 MSS.,
970 2049 1121 2084 Nonius.

392 2102 470 2135 312
