1520 2320
588 86 787 126 CICERO
818 86 895 125 DE
924 86 1161 126 OFFICIIS

295 167 401 206 velle
439 159 626 215 debent),
656 168 869 207 adhibebit
905 167 958 206 ad
995 167 1306 206 considerandas
1343 181 1408 207 res
1441 172 1487 207 et

217 240 267 281 19
296 242 458 284 tempus
489 242 532 275 et
559 236 826 284 diligentiam.
886 236 1076 275 Alterum
1103 241 1166 275 est
1192 239 1350 286 vitium,
1376 237 1485 285 quod

216 1602 268 1637 20

297 305 462 352 quidam
482 307 601 343 nimis
621 318 816 352 magnum
842 304 1023 343 studium
1045 304 1298 352 multamque
1323 318 1487 353 operam

297 376 341 412 in
359 387 424 412 res
444 374 632 412 obscuras
655 378 779 421 atque
799 373 980 412 difficiles
1007 373 1224 412 conferunt
1243 373 1488 422 easdemque

297 456 380 481 non
398 445 654 481 necessarias.

355 510 513 559 Quibus
533 513 641 549 vitiis
661 510 876 549 declinatis
903 510 1012 558 quod
1037 512 1081 549 in
1102 510 1224 550 rebus
1242 510 1424 550 honestis
1444 515 1489 550 et

298 583 532 628 cognitione
562 579 696 627 dignis
726 592 872 627 operae
902 593 1102 627 curaeque
1128 584 1316 627 ponetur,
1335 579 1378 618 id
1400 582 1487 618 iure

300 648 546 695 laudabitur,
566 653 614 686 ut
633 650 675 685 in
699 647 915 694 astrologia
940 647 980 686 C.
1004 647 1227 695 Sulpicium
1249 648 1487 697 audivimus,

298 721 340 756 in
359 719 584 764 geometria
605 716 695 755 Sex.
715 715 951 763 Pompeium
966 719 1042 764 ipsi
1057 719 1328 765 cognovimus,
1340 717 1490 756 multos

299 790 341 825 in
363 786 598 832 dialecticis,
620 785 756 832 plures
776 787 819 822 in
838 787 925 824 iure
953 785 1073 833 civili,
1093 799 1197 833 quae
1223 799 1364 825 omnes
1383 791 1490 826 artes

298 859 340 894 in
361 857 446 893 veri
465 856 779 900 investigatione
799 858 1031 899 versantur3
1060 857 1171 892 cuius
1184 854 1319 893 studio
1332 869 1356 894 a
1370 855 1490 894 rebus

297 922 489 971 gerendis
512 922 658 960 abduci
683 926 823 960 contra
849 922 1021 960 officium
1048 927 1121 960 est.
1181 922 1353 962 Virtutis
1380 926 1489 963 enim

298 993 384 1031 laus
411 994 541 1030 omnis
569 993 612 1028 in
638 993 798 1029 actione
826 993 1031 1036 consistit3
1060 1004 1083 1028 a
1103 1003 1182 1037 qua
1203 995 1343 1030 tamen
1362 991 1408 1030 fit
1426 995 1488 1031 in-

299 1062 500 1100 termissio
527 1071 648 1106 saepe
674 1058 876 1105 multique
903 1058 1052 1096 dantur
1078 1058 1130 1097 ad
1156 1059 1290 1097 studia
1311 1060 1488 1106 reditus;

299 1135 389 1169 tum
412 1130 582 1175 agitatio
606 1129 769 1174 mentis,
790 1140 894 1174 quae
919 1140 1141 1174 numquam
1166 1131 1398 1177 acquiescit,
1418 1143 1489 1178 po-

298 1203 382 1237 test
419 1210 493 1235 nos
531 1199 574 1234 in
614 1195 758 1234 studiis
792 1187 1057 1242 cognitionisl
1090 1199 1215 1234 etiam
1247 1199 1335 1236 sine
1369 1211 1492 1246 opera

299 1271 438 1305 nostra
457 1268 679 1304 continere.
747 1263 890 1303 Omnis
910 1269 1048 1302 autem
1068 1267 1260 1312 cogitatio
1278 1271 1493 1314 motusque

303 1336 429 1373 animi
448 1338 520 1372 aut
540 1335 583 1370 in
603 1332 779 1370 consiliis
800 1332 1006 1379 capiendis
1026 1331 1078 1371 de
1105 1333 1225 1372 rebus
1247 1333 1430 1374 honestis
1449 1340 1493 1374 et

300 1402 606 1452 pertinentibus
636 1400 689 1439 ad
719 1401 826 1439 bene
860 1401 1063 1448 beateque
1097 1402 1316 1441 vivendum
1345 1408 1417 1442 aut
1448 1407 1491 1442 in

300 1467 446 1507 studiis
467 1468 661 1505 scientiae
682 1467 1005 1512 cognitionisque
1024 1466 1260 1505 versabitur.

355 1532 416 1571 Ac
437 1530 489 1570 de
510 1533 640 1578 primo
660 1529 825 1577 quidem
846 1530 963 1568 officii
982 1529 1097 1569 fonte
1116 1530 1300 1570 diximus.

354 1595 448 1635 VII.
482 1595 547 1634 De
573 1595 703 1633 tribus
728 1598 867 1632 autem
891 1593 1055 1641 reliquis
1082 1594 1275 1634 latissime
1301 1601 1418 1644 patet
1440 1611 1488 1636 ea

297 1664 412 1707 ratio,
427 1673 506 1707 qua
522 1661 691 1698 societas
711 1657 921 1696 hominum
940 1661 1048 1696 inter
1067 1661 1173 1706 ipsos
1193 1664 1237 1698 et
1251 1663 1357 1699 vitae
1377 1664 1488 1709 quasi

298 1726 567 1764 communitas
588 1725 843 1768 continetur3
872 1725 984 1760 cuius
1011 1728 1146 1770 partes
1166 1717 1303 1772 duae,²
1322 1727 1489 1773 iustitia,

296 1793 339 1828 in
372 1802 452 1837 qua
486 1790 646 1826 virtutis
673 1791 737 1825 est
766 1786 959 1834 splendor
988 1789 1199 1835 maximus,
1227 1801 1277 1827 ex
1307 1802 1387 1836 qua
1417 1793 1490 1828 viri

297 1855 392 1893 boni
431 1855 705 1899 nominantur,
738 1856 783 1890 et
819 1850 914 1890 huic
953 1854 1168 1890 coniuncta
1207 1853 1489 1902 beneficentia,

347 1925 359 1947 ¹
372 1925 584 1968 cognitionis
600 1924 643 1964 A,
662 1925 732 1962 Bt„
751 1924 890 1963 Mfiller,
908 1924 1024 1956 Heine
1038 1937 1046 1962 ;
1066 1925 1291 1968 cogitationis
1307 1927 1373 1960 BH
1391 1937 1415 1960 a
1429 1926 1452 1960 b
1468 1938 1488 1960 c

308 1970 425 2013 (error
440 1969 574 2001 caused
591 1968 640 2011 by
656 1968 822 2010 cogitatio
838 1968 872 2000 in
890 1972 975 2000 next
992 1968 1088 2010 line).

350 2012 364 2034 ²
367 2016 492 2057 partes
506 2013 599 2045 duae
616 2012 682 2045 BH
702 2012 724 2044 b
738 2024 747 2051 ς
757 2015 882 2055 partes
897 2013 990 2044 duae
1003 2015 1093 2046 sunt
1106 2023 1137 2053 c,
1158 2013 1230 2054 Bt„
1250 2013 1367 2047 Heine

405 2069 457 2104 20
