1546 2294
227 1138 276 1171 81

612 91 813 130 CICERO
844 91 920 130 DE
950 92 1187 133 OFFICIIS

316 171 480 210 functus
518 177 583 211 est
615 177 718 220 tum,
751 186 843 210 cum
873 178 1036 220 praetor
1070 179 1180 213 esset
1213 174 1514 223 collegiumque

316 247 563 292 praetorium
592 245 745 283 tribuni
774 245 885 292 plebi
913 245 1208 294 adhibuissent,
1227 252 1276 286 ut
1303 261 1367 286 res
1396 261 1515 287 num-

317 319 443 355 maria
472 317 524 355 de
555 320 759 355 communi
789 321 997 356 sententia
1026 322 1364 366 constitueretur;
1393 323 1517 359 iacta-

318 393 437 431 batur
467 395 577 430 enim
605 393 858 440 temporibus
892 393 971 431 illis
1001 407 1191 433 nummus
1220 397 1290 442 sic,
1321 401 1369 434 ut
1395 409 1518 435 nemo

318 474 456 515 posset
476 471 590 515 seire,
612 468 709 515 quid
738 468 920 507 haberet.
981 469 1318 518 Conscripserunt
1337 484 1516 510 commu-

319 546 428 581 niter
457 544 637 581 edictum
667 557 761 581 cum
794 557 927 590 poena
954 549 1079 591 atque
1113 545 1262 583 iudicio
1291 549 1514 585 constitue-

317 627 508 670 runtque,
537 627 583 660 ut
613 635 754 660 omnes
783 622 902 660 simul
943 626 986 661 in
1023 629 1153 662 rostra
1180 629 1273 672 post
1301 625 1513 664 meridiem

318 695 599 733 escenderent.
661 695 716 733 Et
747 698 874 733 ceteri
906 696 1072 743 quidem
1103 696 1205 735 alius
1236 697 1328 744 alio,
1362 698 1515 736 Marius

317 767 368 804 ab
388 767 590 805 subselliis
611 770 655 804 in
676 772 805 805 rostra
824 773 937 805 recta
955 768 1093 815 idque,
1115 768 1225 816 quod
1245 773 1517 808 communiter

318 842 587 886 compositum
605 839 752 886 fuerat,
767 839 873 878 solus
887 840 1027 878 edixit.
1072 841 1127 879 Et
1141 854 1188 879 ea
1203 854 1280 888 res,
1297 844 1330 880 si
1343 845 1514 890 quaeris,

317 914 355 950 ei
379 925 528 959 magno
555 911 698 950 honori
725 912 824 958 fuit3
853 913 1040 951 omnibus
1064 916 1161 952 vicis
1180 919 1352 961 statuae,
1373 914 1425 953 ad
1445 928 1512 954 eas

314 990 393 1031 tus,
415 987 547 1030 cerei3
578 984 676 1031 quid
695 985 854 1023 multa?
883 998 1005 1023 nemo
1033 999 1225 1034 umquam
1252 987 1508 1026 multitudini

313 1060 391 1098 fuit
410 1063 546 1098 carior.

369 1133 487 1171 Haec
506 1138 615 1179 sunt,
636 1146 739 1180 quae
767 1134 1014 1172 conturbent
1032 1136 1075 1171 in
1099 1133 1394 1173 deliberatione
1422 1149 1505 1174 non

312 1219 547 1252 numquam,
569 1219 661 1243 eum
688 1205 743 1252 id,
764 1208 807 1243 in
827 1219 906 1253 quo
926 1206 1099 1244 violatur
1117 1210 1314 1254 aequitas,
1337 1221 1420 1246 non
1449 1210 1506 1246 ita

313 1291 520 1325 magnum,
548 1278 651 1315 illud
679 1283 831 1325 autem,
860 1278 969 1324 quod
1004 1291 1054 1316 ex
1082 1292 1131 1316 eo
1157 1281 1324 1326 paritur,
1349 1292 1508 1327 perma-

309 1363 438 1397 gnum
454 1349 629 1396 videtur,
642 1354 689 1387 ut
705 1349 834 1387 Mario
850 1353 1079 1397 praeripere
1098 1350 1264 1397 collegis
1278 1356 1322 1389 et
1334 1352 1508 1390 tribunis

309 1422 421 1469 plebi
441 1421 679 1469 popularem
699 1424 872 1469 gratiam
892 1435 975 1459 non
995 1424 1053 1460 ita
1071 1427 1205 1470 turpe,
1226 1423 1434 1462 consulem
1453 1425 1506 1462 ob

307 1508 397 1532 eam
417 1508 503 1532 rem
523 1494 622 1541 fieri,
639 1494 747 1541 quod
767 1495 842 1532 sibi
862 1499 951 1532 tum
971 1500 1246 1542 proposuerat,
1262 1495 1380 1534 valde
1401 1496 1502 1535 utile

307 1568 529 1605 videbatur.
590 1567 672 1605 Sed
699 1570 879 1605 omnium
906 1580 987 1605 una
1009 1567 1151 1614 regula
1179 1573 1255 1615 est,
1275 1581 1396 1615 quam
1426 1569 1500 1607 tibi

309 1642 427 1687 cupio
448 1652 535 1677 esse
555 1642 821 1686 notissimam,
840 1644 911 1677 aut
932 1639 1046 1686 illud,
1067 1640 1176 1687 quod
1204 1640 1306 1679 utile
1326 1632 1500 1688 videtur,

310 1717 430 1759 turpe
451 1725 504 1749 ne
524 1714 578 1749 sit
597 1717 680 1758 aut,
703 1714 734 1749 si
755 1716 875 1758 turpe
897 1716 973 1758 est,
994 1725 1047 1750 ne
1068 1712 1254 1750 videatur
1275 1725 1362 1751 esse
1387 1712 1499 1752 utile.

346 1885 362 1903 a
375 1879 657 1912 Gratidianus’s.

344 1922 363 1948 b
375 1924 498 1956 Never·
513 1923 689 1962 attained‚
705 1923 883 1955 however.
927 1923 997 1955 For
1012 1923 1068 1955 his
1085 1923 1324 1965 conspicuous
1339 1924 1496 1966 position

300 1979 345 2000 as
369 1978 393 1999 a
416 1969 573 2009 popular
594 1967 717 1999 leader
742 1967 848 1999 made
872 1966 943 1999 him
967 1977 1016 1999 an
1039 1967 1139 2010 early
1157 1968 1261 2000 mark
1285 1967 1341 2000 for
1364 1968 1495 2001 Sulla's

301 2011 576 2054 proscriptione.

411 2067 491 2101 352
