1546 2294
208 325 258 364 73

201 1464 254 1503 74

588 82 789 122 CICERO
820 84 896 123 DE
925 85 1162 127 OFFICIIS

292 161 513 201 tolerabilis
533 168 577 202 et
596 164 708 211 plebi
728 169 972 212 necessaria3
1004 181 1101 215 ergo
1127 174 1171 207 et
1191 171 1343 210 civibus
1364 177 1408 210 et
1427 175 1484 211 rei

291 243 476 290 publicae
496 245 690 284 salutaris.

347 324 394 362 In
417 328 555 372 primis
575 331 715 365 autem
735 327 958 367 videndum
979 332 1057 368 erit
1084 333 1135 378 ei,
1156 334 1225 379 qui
1246 345 1333 372 rem
1351 333 1484 382 publi—

289 418 377 443 cam
396 406 709 455 administrabit,
730 414 778 447 ut
797 422 915 447 suum
935 414 1104 459 quisque
1126 417 1269 453 teneat
1282 427 1417 462 neque
1432 415 1484 455 de

288 487 403 526 bonis
423 490 671 535 privatorum
691 490 854 537 publice
870 491 1098 531 deminutio
1113 493 1192 532 fiat.
1255 494 1483 535 Perniciose

288 570 397 606 enim
430 568 653 618 Philippus,
685 573 729 609 in
759 572 970 611 tribunatu
1002 587 1094 613 cum
1123 575 1260 623 legem
1285 580 1482 625 agrariam

285 648 425 698 ferret,
445 663 567 698 quam
587 657 726 690 tamen
745 656 948 700 antiquari
974 654 1093 694 facile
1120 669 1259 703 passus
1285 662 1350 696 est
1369 663 1414 697 et
1438 661 1482 697 in

286 742 335 768 eo
354 729 623 771 vehementer
642 746 685 771 se
706 733 962 773 moderatum
982 736 1299 783 praebuit—sed
1323 752 1415 776 cum
1439 741 1481 777 in

286 811 446 859 agendo
465 813 594 852 multa
614 814 877 863 populariter,
893 821 982 854 tum
1003 817 1104 856 illud
1125 818 1245 866 male,
1262 809 1378 858 “non
1395 833 1482 860 esse

285 895 328 931 in
353 896 519 933 civitate
543 895 625 934 duo
651 896 762 934 milia
786 896 1010 945 hominum,
1038 902 1106 946 qui
1130 912 1217 937 rem
1241 899 1481 939 haberent.”

285 974 477 1022 Capitalis
497 979 624 1014 oratio
645 982 721 1024 est,
741 977 793 1016 ad
820 981 1105 1026 aequationem
1132 981 1329 1019 bonorum
1355 985 1480 1029 perti·

283 1066 407 1103 nens;
436 1070 516 1104 qua
534 1062 651 1105 peste
672 1071 776 1106 quae
796 1064 934 1106 potest
954 1073 1042 1099 esse
1054 1062 1205 1100 maior?
1236 1062 1357 1100 Hanc
1370 1066 1478 1102 enim

282 1137 336 1176 ob
359 1150 519 1176 causam
543 1141 733 1186 maxime,
771 1145 818 1178 ut
830 1153 901 1178 sua
925 1146 1182 1190 tenerentur,
1206 1156 1270 1182 res
1293 1143 1480 1191 publicae

284 1220 550 1266 civitatesque
572 1223 817 1260 constitutae
838 1227 943 1260 sunt.
977 1223 1096 1270 Nam,
1117 1226 1194 1262 etsi
1214 1223 1318 1263 duce
1338 1230 1483 1264 natura

283 1300 638 1347 congregabantur
658 1300 856 1349 homines,
870 1308 1009 1341 tamen
1031 1317 1101 1351 spe
1123 1305 1331 1344 custodiae
1347 1319 1480 1345 rerum

284 1394 445 1419 suarum
464 1382 625 1420 urbium
645 1383 845 1430 praesidia
864 1385 1125 1431 quaerebant.

340 1462 488 1500 Danda
507 1466 631 1501 etiam
652 1477 774 1511 opera
795 1469 870 1512 est,
887 1478 953 1512 ne,
970 1466 1078 1512 quod
1093 1466 1202 1514 apud
1217 1469 1387 1506 maiores
1407 1481 1479 1507 no-

283 1549 386 1582 stros
406 1557 527 1591 saepe
548 1544 672 1583 fiebat
691 1550 858 1593 propter
878 1550 1019 1585 aerarii
1043 1550 1291 1587 tenuitatem
1310 1549 1477 1588 assidui-

283 1629 493 1671 tatemque
510 1625 723 1673 bellorum,
737 1627 937 1665 tributum
964 1631 1018 1666 sit
1034 1629 1341 1677 conferendum,
1354 1630 1477 1678 idque

280 1719 333 1744 ne
354 1709 529 1753 eveniat,
550 1706 681 1745 multo
700 1712 796 1746 ante
825 1711 903 1746 erit
929 1709 1236 1756 providendum.
1282 1710 1352 1750 Sin
1373 1725 1476 1759 quae

279 1790 499 1826 necessitas
519 1787 637 1826 huius
653 1792 830 1827 muneris
845 1789 964 1828 alicui
985 1793 1043 1829 rei
1064 1790 1249 1838 publicae
1265 1792 1477 1832 obvenerit

277 1858 403 1913 (malo
422 1859 556 1906 enim¹
578 1881 698 1916 quam
720 1875 881 1908 nostrae
898 1873 1087 1917 ominari;
1108 1885 1242 1918 neque
1263 1876 1401 1910 tamen
1421 1873 1473 1912 de

317 1969 430 2003 ²malo
456 1970 551 2002 enim
582 1971 608 2002 B
628 1971 660 2003 H
681 1971 709 2003 L
726 1970 748 2003 b
765 1982 802 2014 p;
831 1973 924 2004 malo
955 1973 1050 2005 enim
1082 1974 1154 2005 alii
1181 1984 1218 2011 εις
1246 1974 1340 2006 malo
1369 1975 1464 2007 enim

275 2014 418 2056 aliene(
478 2014 637 2056 alienae)
650 2024 679 2047 c.

383 2078 463 2113 248
