1546 2294
200 217 249 254 35

574 131 774 171 CICERO
808 129 881 171 DE
911 129 1148 174 OFFICIIS

338 215 451 253 VIII.
485 215 586 252 Cum
607 218 730 262 igitur
755 215 888 262 aliqua
914 219 1070 262 speeies
1098 215 1286 254 utilitatis
1313 215 1474 254 obiecta

283 292 358 333 est,
391 289 633 325 commoveri
668 299 834 325 necesse
870 291 934 325 est
944 300 954 333 ;
988 286 1061 326 sed
1091 289 1138 334 si,
1170 301 1263 325 cum
1293 289 1474 325 animum

281 359 520 406 attenderis,
556 358 853 406 turpitudinem
893 358 1028 397 videas
1062 359 1296 397 adiunctam
1331 361 1369 397 ei
1403 361 1475 406 rei,

282 445 385 479 quae
420 433 598 478 speciem
632 430 821 469 utilitatis
855 430 1053 478 attulerit,
1084 436 1173 469 tum
1204 444 1287 469 non
1318 430 1473 469 utilitas

284 499 552 550 relinquenda
583 507 658 549 est,
687 502 760 541 sed
790 502 1130 550 intellegendum,
1160 503 1229 541 ubi
1262 501 1474 550 turpitudo

284 567 354 623 sit‚'
369 576 425 614 ibi
446 574 668 613 utilitatem
690 588 777 613 esse
798 588 880 612 non
908 588 1036 622 posse.
1097 571 1253 622 Quodsi
1279 573 1380 612 nihil
1410 579 1473 613 est

284 649 367 682 tam
389 648 529 682 contra
549 649 736 682 naturam
757 656 878 690 quam
898 643 1110 691 turpitudo
1137 635 1268 690 (reeta
1294 645 1402 682 enim
1430 647 1474 681 et

284 718 568 755 convenientia
598 720 641 754 et
671 717 899 754 constantia
928 720 1073 753 natura
1102 715 1320 754 desiderat.
1341 728 1475 762 asper-

285 779 486 835 naturque
503 779 720 834 contraria)
741 787 923 834 nihilque
944 792 1028 825 tam
1048 787 1272 826 secundum
1292 791 1478 825 naturam

285 874 406 908 quam
436 860 603 907 utilitas,
633 865 745 898 certe
775 862 818 897 in
848 859 991 898 eadem
1019 873 1062 898 re
1093 859 1247 898 utilitas
1277 863 1321 898 et
1349 861 1477 906 turpi-

285 923 400 972 tudo¹
424 945 511 970 esse
532 946 613 969 non
635 936 781 979 potest.

344 1000 544 1047 Itemque,
566 1002 598 1037 si
617 999 669 1037 ad
689 999 948 1037 honestatem
976 1002 1061 1037 nati
1088 1010 1224 1038 sumus
1251 1012 1379 1047 eaque
1405 1005 1477 1040 aut

287 1069 371 1107 sola
397 1068 731 1125 expetendaftst,
761 1072 807 1105 ut
829 1068 984 1105 *Zenoni
1014 1070 1142 1106 visum
1169 1072 1245 1115 est,
1265 1073 1337 1107 aut
1362 1073 1474 1107 certe

259 1140 263 1143 '
289 1139 396 1174 omni
419 1135 598 1183 pondere
619 1138 777 1182 gravior
796 1135 984 1173 habenda
1004 1149 1124 1182 quam
1149 1135 1302 1182 reliqua
1327 1138 1474 1181 omnia,

213 1475 264 1516 36

289 1203 397 1251 quod
426 1203 636 1241 Aristoteli
663 1202 811 1250 placet,
836 1216 1002 1240 necesse
1029 1208 1105 1250 est,
1126 1202 1235 1250 quod
1260 1202 1477 1241 honestum

291 1275 356 1318 sit,
386 1271 427 1309 id
455 1285 542 1309 esse
570 1276 641 1309 aut
673 1271 802 1309 solum
833 1275 905 1308 aut
936 1283 1138 1308 summum
1171 1271 1343 1316 bonum;
1372 1269 1480 1317 quod

293 1345 429 1378 autem
447 1339 610 1385 bonum,
626 1338 667 1376 id
683 1343 794 1376 certe
811 1338 934 1383 utile3
954 1340 1025 1384 ita,
1043 1338 1234 1385 quicquid
1251 1337 1483 1388 honestum,

293 1408 335 1446 id
356 1407 467 1445 utile.

350 1474 485 1523 Quare
507 1487 616 1512 error
637 1474 845 1511 hominum
868 1487 948 1511 non
966 1473 1194 1520 proborum,
1211 1486 1303 1511 cum
1317 1472 1484 1520 aliquid,

295 1543 402 1590 quod
431 1541 531 1580 utile
559 1544 687 1579 visum
716 1546 792 1588 est,
815 1543 997 1588 arripuit,
1019 1540 1061 1579 id
1088 1543 1281 1579 continuo
1307 1544 1484 1580 secernit

293 1612 344 1649 ab
378 1611 561 1648 honesto.
626 1610 735 1647 Hinc
770 1612 888 1655 sicae,
920 1609 1015 1646 hinc
1049 1621 1220 1655 venena,
1255 1607 1350 1646 hinc
1384 1608 1484 1646 falsa

296 1683 543 1717 testamenta
569 1681 802 1722 nascuntur,
824 1676 920 1714 hinc
945 1675 1066 1722 furta,
1088 1675 1311 1723 peculatus,
1333 1675 1483 1723 expila-

297 1750 428 1785 tiones
449 1746 780 1791 direptionesque
802 1746 999 1782 sociorum
1016 1747 1060 1781 et
1074 1746 1236 1790 civium,
1253 1742 1348 1781 hinc
1363 1756 1484 1791 opum

297 1818 524 1859 nimiarum,
551 1814 758 1860 potentiae
786 1825 868 1850 non
896 1811 1103 1857 ferendae,
1131 1815 1336 1858 postremo
1362 1813 1484 1849 etiam

295 1886 337 1922 in
364 1883 498 1919 liberis
520 1880 750 1918 civitatibus
775 1878 973 1925 regnandi
999 1881 1201 1916 exsistunt
1227 1878 1486 1926 cupiditates,

295 1950 440 1998 quibus
453 1948 553 1986 nihil
570 1961 645 1985 nec
660 1949 828 1985 taetrius
842 1960 918 1984 nec
931 1946 1088 1984 foedius
1102 1948 1322 1993 excogitari
1336 1950 1482 1993 potest.

343 2056 399 2090 're
416 2056 559 2088 utililas
577 2057 611 2087 et
626 2057 718 2096 turp.
740 2064 772 2093 c,
792 2052 874 2085 Edd
892 2065 901 2074 ·
918 2063 955 2085 re
971 2053 1059 2085 utili
1073 2053 1258 2095 turpitudo
1275 2053 1303 2085 Β
1323 2052 1356 2085 Η
1374 2063 1398 2085 a
1414 2051 1449 2088 b.

406 2121 484 2154 30⁴2
