1546 2294
158 212 234 246 154·

154 856 230 890 155

560 127 759 167 CICERO
790 129 866 167 DE
896 129 1132 169 OFFICIIS

321 209 459 256 Atque
492 209 534 247 id
569 213 745 257 optimus
779 213 948 257 quisque
981 224 1025 249 re
1059 205 1171 259 ipsal
1202 213 1383 252 ostendit
1412 218 1457 253 et

264 273 425 312 iudicat.
487 273 588 321 Quis
609 277 718 312 enim
739 280 802 313 est
821 280 905 313 tam
926 276 1094 323 cupidus
1114 279 1156 314 in
1175 278 1456 326 perspicienda

265 338 625 386 cognoscendaque
664 352 798 378 rerum
837 345 993 388 natura,
1027 346 1086 387 ut,
1121 344 1155 379 si
1188 344 1226 380 ei
1264 346 1455 382 tractanti

264 402 638 450 contemplantique
670 417 734 442 res
769 406 1001 451 cognitione
1036 405 1290 452 dignissimas
1322 407 1456 445 subito

264 469 315 504 sit
334 467 501 505 allatum
522 468 746 514 periculum
766 467 1063 516 discrimenque
1087 473 1254 517 patriae,
1274 473 1337 509 cui
1362 471 1454 509 sub-

265 534 401 569 venire
428 532 698 579 opitularique
725 535 864 580 possit,
888 547 970 571 non
996 534 1065 571 illa
1091 537 1225 572 omnia
1251 535 1454 583 relinquat

264 600 386 642 atque
429 596 589 642 abiciat,
630 598 788 634 etiamsi
831 597 1087 635 dinumerare
1126 611 1169 636 se
1208 599 1346 637 stellas
1383 604 1454 638 aut

262 662 397 698 metiri
416 660 559 698 mundi
579 661 904 707 magnitudinem
924 675 1040 709 posse
1059 663 1306 701 arbitretur?
1329 668 1453 711 atque

264 724 339 762 hoc
377 724 487 762 idem
526 727 568 762 in
608 728 800 772 parentis,
839 728 882 763 in
924 728 1042 764 amici
1080 739 1124 764 re
1162 732 1233 765 aut
1274 727 1454 775 periculo

261 788 415 826 fecerit.

317 852 474 899 Quibus
508 853 627 890 rebus
662 853 917 900 intellegitur
950 853 1094 892 studiis
1127 855 1344 903 officiisque
1378 858 1452 893 sci-

261 920 396 955 entiae
406 917 692 964 praeponenda
702 930 788 955 esse
797 917 923 955 officia
931 920 1122 966 iustitiae,
1131 932 1234 966 quae
1242 922 1453 967 pertinent

260 981 311 1019 ad
331 981 541 1019 hominum
561 973 814 1028 utilitate1n‚²
835 995 913 1028 qua
932 982 1033 1020 nihil
1055 982 1208 1020 homini
1224 997 1311 1021 esse
1326 983 1452 1022 debet

259 1049 474 1093 antiquius.

315 1110 460 1148 XLIV.
494 1110 632 1157 Atque
654 1110 726 1157 illi,
742 1123 912 1157 quorum
932 1110 1066 1148 studia
1081 1113 1244 1158 vitaque
1259 1115 1389 1150 omnis
1408 1115 1450 1150 in

261 1188 395 1212 rerum
435 1177 668 1220 cognitione
700 1179 858 1212 versata
897 1179 973 1221 est,
1003 1179 1142 1213 tamen
1172 1176 1224 1213 ab
1253 1176 1452 1222 augendis

261 1239 471 1276 hominum
492 1238 737 1276 utilitatibus
759 1243 802 1276 et
822 1238 1042 1276 commodis
1066 1252 1149 1276 non
1175 1245 1452 1286 recesserunt;

263 1317 355 1340 nam
376 1308 419 1341 et
440 1303 704 1340 erudiverunt
724 1302 887 1349 multos,
908 1316 988 1349 quo
1008 1303 1196 1342 meliores
1216 1307 1323 1342 cives
1343 1304 1451 1342 utili-

261 1380 431 1414 oresque
466 1367 586 1404 rebus
618 1369 698 1404 suis
730 1366 900 1413 publicis
939 1372 1089 1413 essent,
1128 1372 1175 1405 ut
1212 1367 1452 1406 Thebanum

264 1430 587 1479 Epaminondam
620 1430 736 1478 Lysis
769 1430 1060 1477 Pythagoreus,
1082 1431 1334 1478 Syracosium
1357 1432 1453 1470 Dio-

263 1509 358 1533 nem
381 1495 495 1532 Plato
510 1494 711 1541 multique
731 1494 894 1541 multos,
911 1508 1064 1542 nosque
1085 1498 1174 1542 ipsi,
1190 1496 1381 1543 quicquid
1401 1496 1451 1534 ad

262 1573 347 1597 rem
368 1559 571 1606 publicam
588 1559 812 1605 attulimus,
829 1562 860 1596 si
882 1559 1003 1596 modo
1018 1559 1170 1606 aliquid
1190 1559 1413 1607 attulimus,
1429 1573 1452 1597 a

262 1624 493 1662 doctoribus
514 1628 637 1669 atque
658 1622 842 1660 doctrina
863 1625 1050 1660 instructi
1069 1623 1121 1661 ad
1149 1636 1239 1661 eam
1259 1628 1302 1662 et
1321 1627 1451 1662 ornati

158 1687 233 1727 156
263 1690 513 1725 accessimus.
582 1687 727 1733 Neque
767 1686 896 1724 solum
938 1689 1015 1724 vivi
1053 1691 1177 1734 atque
1218 1692 1452 1735 praesentes

263 1751 462 1790 studiosos
493 1750 675 1788 discendi
708 1750 901 1788 erudiunt
932 1756 1055 1798 atque
1082 1751 1245 1798 docent,
1273 1750 1344 1789 sed
1376 1751 1452 1789 hoc

264 1816 370 1853 idem
408 1818 531 1853 etiam
570 1819 663 1862 post
700 1819 873 1852 mortem
912 1818 1187 1853 monumentis
1225 1815 1450 1853 litterarum

260 1884 538 1926 assequuntur.
582 1879 669 1916 Nec
686 1881 795 1916 enim
812 1878 922 1916 locus
940 1879 1045 1917 ullus
1065 1885 1129 1917 est
1150 1882 1455 1927 praetermissus

306 1983 313 2001 ¹
328 1993 364 2014 re
381 1982 459 2024 ip8a
478 1981 505 2012 B
526 1981 558 2013 H
577 1991 601 2012 a
617 1980 652 2019 b,
670 1981 740 2019 Bt„
759 1980 848 2018 Ed.;
867 1991 902 2012 re
914 1980 958 2012 ab
972 1991 1008 2013 se
1025 1981 1052 2013 L
1065 1991 1084 2012 c
1096 1979 1169 2022 (Le.
1187 1985 1308 2022 reapse
1323 1979 1448 2020 Orelli,

263 2027 399 2063 Mulier,
418 2025 567 2063 Heine);
585 2025 629 2056 ab
646 2025 723 2066 tytsa
742 2035 777 2056 re
791 2035 825 2066 p.

303 2069 522 2101 ’utilitatem
543 2069 568 2100 B
590 2068 621 2100 H
641 2080 662 2099 a
682 2068 721 2105 b;
738 2068 924 2101 caritatem
943 2068 970 2101 L
986 2078 1006 2100 e
1022 2078 1045 2111 p
1059 2067 1268 2110 (affection).

374 2126 447 2161 158
