<?xml version="1.0" encoding="UTF-8"?>
<!DOCTYPE html PUBLIC "-//W3C//DTD XHTML 1.0 Transitional//EN"
    "http://www.w3.org/TR/xhtml1/DTD/xhtml1-transitional.dtd">
<html xmlns="http://www.w3.org/1999/xhtml" xml:lang="en" lang="en">
 <head>
  <title>
</title>
<meta http-equiv="Content-Type" content="text/html;charset=utf-8" />
  <meta name='ocr-system' content='tesseract 3.04.00' />
  <meta name='ocr-capabilities' content='ocr_page ocr_carea ocr_par ocr_line ocrx_word'/>
</head>
<body>
  <div class='ocr_page' id='page_1' title='image "./deofficiiswithen00ciceuoft_0400.png"; bbox 0 0 1546 2294; ppageno 0'>
   <div class='ocr_carea' id='block_1_1' title="bbox 209 654 286 688">
    <p class='ocr_par' dir='ltr' id='par_1_1' title="bbox 209 654 286 688">
     <span class='ocr_line' id='line_1_1' title="bbox 209 654 286 688; baseline 0 0"><span class='ocrx_word' id='word_1_1' title='bbox 209 654 286 688; x_wconf 91' lang='lat'><strong>100</strong></span> 
     </span>
    </p>
   </div>
   <div class='ocr_carea' id='block_1_2' title="bbox 310 84 1515 1506">
    <p class='ocr_par' dir='ltr' id='par_1_2' title="bbox 310 84 1515 1506">
     <span class='ocr_line' id='line_1_2' title="bbox 605 84 1180 125; baseline 0.005 -3"><span class='ocrx_word' id='word_1_2' title='bbox 605 84 805 124; x_wconf 89' lang='lat' dir='ltr'>CICERO</span> <span class='ocrx_word' id='word_1_3' title='bbox 836 84 913 123; x_wconf 92' lang='lat' dir='ltr'><strong>DE</strong></span> <span class='ocrx_word' id='word_1_4' title='bbox 943 85 1180 125; x_wconf 89' lang='lat' dir='ltr'><strong>OFFICIIS</strong></span> 
     </span>
     <span class='ocr_line' id='line_1_3' title="bbox 310 165 1504 214; baseline 0.003 -11"><span class='ocrx_word' id='word_1_5' title='bbox 310 167 503 213; x_wconf 90' lang='lat' dir='ltr'><strong>venisset,</strong></span> <span class='ocrx_word' id='word_1_6' title='bbox 523 165 712 204; x_wconf 76' lang='lat' dir='ltr'><strong>utilitatis</strong></span> <span class='ocrx_word' id='word_1_7' title='bbox 738 168 916 213; x_wconf 90' lang='lat' dir='ltr'><strong>speciem</strong></span> <span class='ocrx_word' id='word_1_8' title='bbox 944 166 1122 213; x_wconf 85' lang='lat' dir='ltr'><strong>videbat,</strong></span> <span class='ocrx_word' id='word_1_9' title='bbox 1141 166 1215 205; x_wconf 90' lang='lat' dir='ltr'><strong>sed</strong></span> <span class='ocrx_word' id='word_1_10' title='bbox 1231 171 1346 214; x_wconf 78' lang='lat' dir='ltr'><strong>eam,</strong></span> <span class='ocrx_word' id='word_1_11' title='bbox 1365 171 1413 206; x_wconf 80' lang='lat' dir='ltr'><strong>ut</strong></span> <span class='ocrx_word' id='word_1_12' title='bbox 1439 179 1504 206; x_wconf 67' lang='lat' dir='ltr'><strong>re»</strong></span> 
     </span>
     <span class='ocr_line' id='line_1_4' title="bbox 311 245 1507 294; baseline 0.003 -11"><span class='ocrx_word' id='word_1_13' title='bbox 311 245 503 293; x_wconf 77' lang='lat' dir='ltr'><strong>declarat,</strong></span> <span class='ocrx_word' id='word_1_14' title='bbox 517 246 658 285; x_wconf 89' lang='lat' dir='ltr'><strong>falsam</strong></span> <span class='ocrx_word' id='word_1_15' title='bbox 678 246 891 292; x_wconf 83' lang='lat' dir='ltr'><strong>iudicavit3</strong></span> <span class='ocrx_word' id='word_1_16' title='bbox 915 260 1018 294; x_wconf 85' lang='lat' dir='ltr'><strong>quae</strong></span> <span class='ocrx_word' id='word_1_17' title='bbox 1039 252 1127 286; x_wconf 89' lang='lat' dir='ltr'><strong>erat</strong></span> <span class='ocrx_word' id='word_1_18' title='bbox 1145 247 1258 286; x_wconf 88' lang='lat' dir='ltr'><strong>talis:</strong></span> <span class='ocrx_word' id='word_1_19' title='bbox 1284 260 1449 286; x_wconf 79' lang='lat' dir='ltr'><strong>manere</strong></span> <span class='ocrx_word' id='word_1_20' title='bbox 1463 249 1507 285; x_wconf 83' lang='lat' dir='ltr'><strong>in</strong></span> 
     </span>
     <span class='ocr_line' id='line_1_5' title="bbox 314 327 1507 375; baseline 0.002 -11"><span class='ocrx_word' id='word_1_21' title='bbox 314 329 456 373; x_wconf 90' lang='lat' dir='ltr'><strong>patria,</strong></span> <span class='ocrx_word' id='word_1_22' title='bbox 470 340 558 365; x_wconf 91' lang='lat' dir='ltr'><strong>esse</strong></span> <span class='ocrx_word' id='word_1_23' title='bbox 578 327 716 365; x_wconf 91' lang='lat' dir='ltr'><strong>domui</strong></span> <span class='ocrx_word' id='word_1_24' title='bbox 737 340 832 366; x_wconf 89' lang='lat' dir='ltr'><strong>suae</strong></span> <span class='ocrx_word' id='word_1_25' title='bbox 853 341 946 365; x_wconf 91' lang='lat' dir='ltr'><strong>cum</strong></span> <span class='ocrx_word' id='word_1_26' title='bbox 961 341 1099 375; x_wconf 88' lang='lat' dir='ltr'><strong>uxore,</strong></span> <span class='ocrx_word' id='word_1_27' title='bbox 1112 342 1204 367; x_wconf 93' lang='lat' dir='ltr'><strong>cum</strong></span> <span class='ocrx_word' id='word_1_28' title='bbox 1223 328 1374 375; x_wconf 88' lang='lat' dir='ltr'><strong>liberis,</strong></span> <span class='ocrx_word' id='word_1_29' title='bbox 1386 339 1507 375; x_wconf 88' lang='lat' dir='ltr'><strong>quam</strong></span> 
     </span>
     <span class='ocr_line' id='line_1_6' title="bbox 313 407 1506 456; baseline 0.001 -11"><span class='ocrx_word' id='word_1_30' title='bbox 313 407 586 446; x_wconf 83' lang='lat' dir='ltr'><strong>calamitatem</strong></span> <span class='ocrx_word' id='word_1_31' title='bbox 601 411 825 456; x_wconf 83' lang='lat' dir='ltr'><strong>accepisset</strong></span> <span class='ocrx_word' id='word_1_32' title='bbox 844 411 887 446; x_wconf 91' lang='lat' dir='ltr'><strong>in</strong></span> <span class='ocrx_word' id='word_1_33' title='bbox 908 408 1029 455; x_wconf 83' lang='lat' dir='ltr'><strong>bello,</strong></span> <span class='ocrx_word' id='word_1_34' title='bbox 1043 422 1301 448; x_wconf 86' lang='lat' dir='ltr'><strong>communem</strong></span> <span class='ocrx_word' id='word_1_35' title='bbox 1320 408 1506 447; x_wconf 80' lang='lat' dir='ltr'><strong>fortunae</strong></span> 
     </span>
     <span class='ocr_line' id='line_1_7' title="bbox 314 488 1507 538; baseline 0.001 -12"><span class='ocrx_word' id='word_1_36' title='bbox 314 488 484 527; x_wconf 85' lang='lat' dir='ltr'><strong>bellicae</strong></span> <span class='ocrx_word' id='word_1_37' title='bbox 504 489 756 528; x_wconf 88' lang='lat' dir='ltr'><strong>iudicantem</strong></span> <span class='ocrx_word' id='word_1_38' title='bbox 776 495 920 528; x_wconf 90' lang='lat' dir='ltr'><strong>tenere</strong></span> <span class='ocrx_word' id='word_1_39' title='bbox 941 490 1161 529; x_wconf 90' lang='lat' dir='ltr'><strong>consularis</strong></span> <span class='ocrx_word' id='word_1_40' title='bbox 1180 490 1394 538; x_wconf 82' lang='lat' dir='ltr'><strong>dignitatis</strong></span> <span class='ocrx_word' id='word_1_41' title='bbox 1415 502 1507 537; x_wconf 83' lang='lat' dir='ltr'><strong>gra-</strong></span> 
     </span>
     <span class='ocr_line' id='line_1_8' title="bbox 314 569 1507 618; baseline 0 -11"><span class='ocrx_word' id='word_1_42' title='bbox 314 569 422 607; x_wconf 91' lang='lat' dir='ltr'><strong>dum.</strong></span> <span class='ocrx_word' id='word_1_43' title='bbox 484 569 585 617; x_wconf 79' lang='lat' dir='ltr'><strong>Quis</strong></span> <span class='ocrx_word' id='word_1_44' title='bbox 614 569 716 608; x_wconf 92' lang='lat' dir='ltr'><strong>haec</strong></span> <span class='ocrx_word' id='word_1_45' title='bbox 746 575 871 617; x_wconf 88' lang='lat' dir='ltr'><strong>negat</strong></span> <span class='ocrx_word' id='word_1_46' title='bbox 901 583 989 609; x_wconf 87' lang='lat' dir='ltr'><strong>esse</strong></span> <span class='ocrx_word' id='word_1_47' title='bbox 1019 571 1160 609; x_wconf 83' lang='lat' dir='ltr'><strong>utilia?</strong></span> <span class='ocrx_word' id='word_1_48' title='bbox 1189 582 1312 618; x_wconf 84' lang='lat' dir='ltr'><strong>quem</strong></span> <span class='ocrx_word' id='word_1_49' title='bbox 1341 570 1507 609; x_wconf 83' lang='lat' dir='ltr'><strong>censes?</strong></span> 
     </span>
     <span class='ocr_line' id='line_1_9' title="bbox 319 642 1506 699; baseline 0.001 -11"><span class='ocrx_word' id='word_1_50' title='bbox 319 650 563 697; x_wconf 85' lang='lat' dir='ltr'><strong>Magnitudo</strong></span> <span class='ocrx_word' id='word_1_51' title='bbox 582 653 706 688; x_wconf 90' lang='lat' dir='ltr'><strong>animi</strong></span> <span class='ocrx_word' id='word_1_52' title='bbox 723 656 767 689; x_wconf 89' lang='lat' dir='ltr'><strong>et</strong></span> <span class='ocrx_word' id='word_1_53' title='bbox 782 651 981 689; x_wconf 84' lang='lat' dir='ltr'><strong>fortitudo</strong></span> <span class='ocrx_word' id='word_1_54' title='bbox 997 657 1132 699; x_wconf 84' lang='lat' dir='ltr'><strong>negat.</strong></span> <span class='ocrx_word' id='word_1_55' title='bbox 1175 650 1348 689; x_wconf 89' lang='lat' dir='ltr'>XXVII.</span> <span class='ocrx_word' id='word_1_56' title='bbox 1378 642 1506 689; x_wconf 89' lang='lat' dir='ltr'><strong>Num¹</strong></span> 
     </span>
     <span class='ocr_line' id='line_1_10' title="bbox 315 731 1512 779; baseline 0.001 -10"><span class='ocrx_word' id='word_1_57' title='bbox 315 731 601 779; x_wconf 90' lang='lat' dir='ltr'><strong>locupletiores</strong></span> <span class='ocrx_word' id='word_1_58' title='bbox 633 734 792 779; x_wconf 87' lang='lat' dir='ltr'><strong>quaeris</strong></span> <span class='ocrx_word' id='word_1_59' title='bbox 830 733 1038 770; x_wconf 77' lang='lat' dir='ltr'><strong>auctores?</strong></span> <span class='ocrx_word' id='word_1_60' title='bbox 1101 732 1261 771; x_wconf 92' lang='lat' dir='ltr'><strong>Harum</strong></span> <span class='ocrx_word' id='word_1_61' title='bbox 1299 735 1408 771; x_wconf 90' lang='lat' dir='ltr'><strong>enim</strong></span> <span class='ocrx_word' id='word_1_62' title='bbox 1449 736 1512 770; x_wconf 89' lang='lat' dir='ltr'><strong>est</strong></span> 
     </span>
     <span class='ocr_line' id='line_1_11' title="bbox 314 812 1510 860; baseline 0.001 -10"><span class='ocrx_word' id='word_1_63' title='bbox 314 814 512 850; x_wconf 88' lang='lat' dir='ltr'><strong>virtutum</strong></span> <span class='ocrx_word' id='word_1_64' title='bbox 532 815 739 860; x_wconf 90' lang='lat' dir='ltr'><strong>proprium</strong></span> <span class='ocrx_word' id='word_1_65' title='bbox 759 812 861 850; x_wconf 88' lang='lat' dir='ltr'><strong>nihil</strong></span> <span class='ocrx_word' id='word_1_66' title='bbox 883 815 1165 859; x_wconf 87' lang='lat' dir='ltr'><strong>extimescere,</strong></span> <span class='ocrx_word' id='word_1_67' title='bbox 1180 815 1316 851; x_wconf 89' lang='lat' dir='ltr'><strong>omnia</strong></span> <span class='ocrx_word' id='word_1_68' title='bbox 1333 812 1510 851; x_wconf 87' lang='lat' dir='ltr'><strong>humana</strong></span> 
     </span>
     <span class='ocr_line' id='line_1_12' title="bbox 315 885 1509 954; baseline 0 -23"><span class='ocrx_word' id='word_1_69' title='bbox 315 893 538 940; x_wconf 87' lang='lat' dir='ltr'><strong>despicere,</strong></span> <span class='ocrx_word' id='word_1_70' title='bbox 558 893 676 939; x_wconf 91' lang='lat' dir='ltr'><strong>nihil,</strong></span> <span class='ocrx_word' id='word_1_71' title='bbox 697 892 806 940; x_wconf 92' lang='lat' dir='ltr'><strong>quod</strong></span> <span class='ocrx_word' id='word_1_72' title='bbox 825 893 981 931; x_wconf 90' lang='lat' dir='ltr'><strong>homini</strong></span> <span class='ocrx_word' id='word_1_73' title='bbox 1000 892 1184 931; x_wconf 89' lang='lat' dir='ltr'><strong>accidere</strong></span> <span class='ocrx_word' id='word_1_74' title='bbox 1204 896 1344 940; x_wconf 90' lang='lat' dir='ltr'><strong>possit,</strong></span> <span class='ocrx_word' id='word_1_75' title='bbox 1363 885 1509 954; x_wconf 73' lang='lat' dir='ltr'><strong>intole-</strong></span> 
     </span>
     <span class='ocr_line' id='line_1_13' title="bbox 317 950 1509 1021; baseline 0 -9"><span class='ocrx_word' id='word_1_76' title='bbox 317 974 489 1012; x_wconf 89' lang='lat' dir='ltr'><strong>randum</strong></span> <span class='ocrx_word' id='word_1_77' title='bbox 520 979 677 1021; x_wconf 66' lang='lat' dir='ltr'><strong>putaret</strong></span> <span class='ocrx_word' id='word_1_78' title='bbox 737 973 882 1021; x_wconf 88' lang='lat' dir='ltr'><strong>Itaque</strong></span> <span class='ocrx_word' id='word_1_79' title='bbox 913 974 1012 1021; x_wconf 91' lang='lat' dir='ltr'><strong>quid</strong></span> <span class='ocrx_word' id='word_1_80' title='bbox 1051 973 1175 1013; x_wconf 85' lang='lat' dir='ltr'><strong>fecit?</strong></span> <span class='ocrx_word' id='word_1_81' title='bbox 1215 964 1283 1012; x_wconf 70' lang='lat' dir='ltr'><strong>‘In</strong></span> <span class='ocrx_word' id='word_1_82' title='bbox 1320 950 1509 1013; x_wconf 81' lang='lat' dir='ltr'><strong>senatum</strong></span> 
     </span>
     <span class='ocr_line' id='line_1_14' title="bbox 315 1054 1507 1103; baseline -0.002 -9"><span class='ocrx_word' id='word_1_83' title='bbox 315 1058 442 1103; x_wconf 90' lang='lat' dir='ltr'><strong>venit,</strong></span> <span class='ocrx_word' id='word_1_84' title='bbox 461 1055 654 1093; x_wconf 85' lang='lat' dir='ltr'><strong>mandata</strong></span> <span class='ocrx_word' id='word_1_85' title='bbox 681 1058 881 1102; x_wconf 87' lang='lat' dir='ltr'><strong>exposuit,</strong></span> <span class='ocrx_word' id='word_1_86' title='bbox 901 1057 1149 1093; x_wconf 89' lang='lat' dir='ltr'><strong>sententiam</strong></span> <span class='ocrx_word' id='word_1_87' title='bbox 1175 1068 1228 1093; x_wconf 87' lang='lat' dir='ltr'><strong>ne</strong></span> <span class='ocrx_word' id='word_1_88' title='bbox 1255 1054 1411 1094; x_wconf 88' lang='lat' dir='ltr'><strong>diceret</strong></span> <span class='ocrx_word' id='word_1_89' title='bbox 1443 1067 1507 1093; x_wconf 89' lang='lat' dir='ltr'><strong>re-</strong></span> 
     </span>
     <span class='ocr_line' id='line_1_15' title="bbox 317 1135 1508 1183; baseline -0.001 -9"><span class='ocrx_word' id='word_1_90' title='bbox 317 1138 484 1182; x_wconf 86' lang='lat' dir='ltr'><strong>cusavit,</strong></span> <span class='ocrx_word' id='word_1_91' title='bbox 513 1149 633 1183; x_wconf 86' lang='lat' dir='ltr'><strong>quam</strong></span> <span class='ocrx_word' id='word_1_92' title='bbox 663 1135 732 1173; x_wconf 91' lang='lat' dir='ltr'><strong>diu</strong></span> <span class='ocrx_word' id='word_1_93' title='bbox 762 1138 849 1173; x_wconf 91' lang='lat' dir='ltr'><strong>iure</strong></span> <span class='ocrx_word' id='word_1_94' title='bbox 881 1135 1050 1173; x_wconf 88' lang='lat' dir='ltr'><strong>iurando</strong></span> <span class='ocrx_word' id='word_1_95' title='bbox 1079 1135 1257 1173; x_wconf 89' lang='lat' dir='ltr'><strong>hostium</strong></span> <span class='ocrx_word' id='word_1_96' title='bbox 1283 1140 1508 1182; x_wconf 87' lang='lat' dir='ltr'><strong>teneretur,</strong></span> 
     </span>
     <span class='ocr_line' id='line_1_16' title="bbox 317 1206 1511 1263; baseline -0.001 -8"><span class='ocrx_word' id='word_1_97' title='bbox 317 1230 399 1255; x_wconf 93' lang='lat' dir='ltr'><strong>non</strong></span> <span class='ocrx_word' id='word_1_98' title='bbox 420 1229 507 1254; x_wconf 91' lang='lat' dir='ltr'><strong>esse</strong></span> <span class='ocrx_word' id='word_1_99' title='bbox 527 1229 570 1254; x_wconf 89' lang='lat' dir='ltr'><strong>se</strong></span> <span class='ocrx_word' id='word_1_100' title='bbox 586 1221 826 1254; x_wconf 86' lang='lat' dir='ltr'><strong>senatorem.</strong></span> <span class='ocrx_word' id='word_1_101' title='bbox 874 1216 1011 1263; x_wconf 92' lang='lat' dir='ltr'><strong>Atque</strong></span> <span class='ocrx_word' id='word_1_102' title='bbox 1031 1215 1132 1254; x_wconf 88' lang='lat' dir='ltr'><strong>illud</strong></span> <span class='ocrx_word' id='word_1_103' title='bbox 1153 1218 1275 1254; x_wconf 88' lang='lat' dir='ltr'><strong>etiam</strong></span> <span class='ocrx_word' id='word_1_104' title='bbox 1295 1206 1392 1262; x_wconf 86' lang='lat' dir='ltr'><strong>(“O</strong></span> <span class='ocrx_word' id='word_1_105' title='bbox 1411 1215 1511 1254; x_wconf 91' lang='lat' dir='ltr'><strong>stul-</strong></span> 
     </span>
     <span class='ocr_line' id='line_1_17' title="bbox 318 1286 1514 1344; baseline 0 -9"><span class='ocrx_word' id='word_1_106' title='bbox 318 1303 407 1336; x_wconf 90' lang='lat' dir='ltr'><strong>tum</strong></span> <span class='ocrx_word' id='word_1_107' title='bbox 427 1297 674 1343; x_wconf 89' lang='lat' dir='ltr'><strong>hominem‚”</strong></span> <span class='ocrx_word' id='word_1_108' title='bbox 697 1297 848 1335; x_wconf 84' lang='lat' dir='ltr'><strong>dixerit</strong></span> <span class='ocrx_word' id='word_1_109' title='bbox 872 1299 1083 1343; x_wconf 86' lang='lat' dir='ltr'><strong>quispiam,</strong></span> <span class='ocrx_word' id='word_1_110' title='bbox 1113 1286 1139 1304; x_wconf 86' lang='lat'><em>“</em></span> <span class='ocrx_word' id='word_1_111' title='bbox 1152 1301 1196 1334; x_wconf 91' lang='lat' dir='ltr'><strong>et</strong></span> <span class='ocrx_word' id='word_1_112' title='bbox 1215 1301 1514 1344; x_wconf 85' lang='lat' dir='ltr'><strong>repugnantem</strong></span> 
     </span>
     <span class='ocr_line' id='line_1_18' title="bbox 320 1368 1515 1424; baseline 0 -8"><span class='ocrx_word' id='word_1_113' title='bbox 320 1378 489 1417; x_wconf 89' lang='lat' dir='ltr'><strong>utilitati</strong></span> <span class='ocrx_word' id='word_1_114' title='bbox 521 1368 704 1424; x_wconf 86' lang='lat' dir='ltr'><strong>suae!&#39;’),</strong></span> <span class='ocrx_word' id='word_1_115' title='bbox 729 1376 846 1415; x_wconf 90' lang='lat' dir='ltr'><strong>reddi</strong></span> <span class='ocrx_word' id='word_1_116' title='bbox 876 1379 1055 1424; x_wconf 85' lang='lat' dir='ltr'><strong>captivos</strong></span> <span class='ocrx_word' id='word_1_117' title='bbox 1083 1379 1251 1424; x_wconf 85' lang='lat' dir='ltr'><strong>negavit</strong></span> <span class='ocrx_word' id='word_1_118' title='bbox 1276 1390 1365 1416; x_wconf 90' lang='lat' dir='ltr'><strong>esse</strong></span> <span class='ocrx_word' id='word_1_119' title='bbox 1392 1377 1515 1424; x_wconf 86' lang='lat' dir='ltr'><strong>utile;</strong></span> 
     </span>
     <span class='ocr_line' id='line_1_19' title="bbox 319 1457 1512 1506; baseline -0.001 -8"><span class='ocrx_word' id='word_1_120' title='bbox 319 1460 408 1498; x_wconf 92' lang='lat' dir='ltr'><strong>illos</strong></span> <span class='ocrx_word' id='word_1_121' title='bbox 429 1462 539 1498; x_wconf 89' lang='lat' dir='ltr'><strong>enim</strong></span> <span class='ocrx_word' id='word_1_122' title='bbox 558 1459 843 1497; x_wconf 88' lang='lat' dir='ltr'><strong>adulescentes</strong></span> <span class='ocrx_word' id='word_1_123' title='bbox 867 1471 954 1496; x_wconf 89' lang='lat' dir='ltr'><strong>esse</strong></span> <span class='ocrx_word' id='word_1_124' title='bbox 983 1463 1027 1496; x_wconf 92' lang='lat' dir='ltr'><strong>et</strong></span> <span class='ocrx_word' id='word_1_125' title='bbox 1052 1459 1178 1497; x_wconf 89' lang='lat' dir='ltr'><strong>bonos</strong></span> <span class='ocrx_word' id='word_1_126' title='bbox 1206 1457 1344 1506; x_wconf 88' lang='lat' dir='ltr'><strong>duces,</strong></span> <span class='ocrx_word' id='word_1_127' title='bbox 1364 1471 1407 1497; x_wconf 89' lang='lat' dir='ltr'><strong>se</strong></span> <span class='ocrx_word' id='word_1_128' title='bbox 1433 1461 1512 1497; x_wconf 82' lang='lat' dir='ltr'><strong>iam</strong></span> 
     </span>
    </p>
   </div>
   <div class='ocr_carea' id='block_1_3' title="bbox 319 1538 1511 1886">
    <p class='ocr_par' dir='ltr' id='par_1_3' title="bbox 319 1538 1511 1886">
     <span class='ocr_line' id='line_1_20' title="bbox 320 1538 1511 1579; baseline -0.001 0"><span class='ocrx_word' id='word_1_129' title='bbox 320 1540 553 1579; x_wconf 89' lang='lat' dir='ltr'><strong>confectum</strong></span> <span class='ocrx_word' id='word_1_130' title='bbox 581 1544 807 1578; x_wconf 88' lang='lat' dir='ltr'><strong>senectute.</strong></span> <span class='ocrx_word' id='word_1_131' title='bbox 868 1539 989 1577; x_wconf 91' lang='lat' dir='ltr'><strong>Cuius</strong></span> <span class='ocrx_word' id='word_1_132' title='bbox 1017 1552 1108 1577; x_wconf 92' lang='lat' dir='ltr'><strong>cum</strong></span> <span class='ocrx_word' id='word_1_133' title='bbox 1128 1538 1320 1578; x_wconf 82' lang='lat' dir='ltr'><strong>valuisset</strong></span> <span class='ocrx_word' id='word_1_134' title='bbox 1338 1542 1511 1578; x_wconf 81' lang='lat' dir='ltr'><strong>auctori-</strong></span> 
     </span>
     <span class='ocr_line' id='line_1_21' title="bbox 319 1611 1510 1660; baseline -0.002 -8"><span class='ocrx_word' id='word_1_135' title='bbox 319 1619 395 1660; x_wconf 86' lang='lat' dir='ltr'><strong>tas,</strong></span> <span class='ocrx_word' id='word_1_136' title='bbox 427 1615 575 1660; x_wconf 88' lang='lat' dir='ltr'><strong>captivi</strong></span> <span class='ocrx_word' id='word_1_137' title='bbox 607 1615 759 1650; x_wconf 90' lang='lat' dir='ltr'><strong>retenti</strong></span> <span class='ocrx_word' id='word_1_138' title='bbox 790 1617 898 1659; x_wconf 90' lang='lat' dir='ltr'><strong>sunt,</strong></span> <span class='ocrx_word' id='word_1_139' title='bbox 933 1614 1019 1659; x_wconf 89' lang='lat' dir='ltr'><strong>ipse</strong></span> <span class='ocrx_word' id='word_1_140' title='bbox 1053 1611 1342 1659; x_wconf 83' lang='lat' dir='ltr'><strong>Carthaginem</strong></span> <span class='ocrx_word' id='word_1_141' title='bbox 1374 1611 1510 1660; x_wconf 86' lang='lat' dir='ltr'><strong>rediit,</strong></span> 
     </span>
     <span class='ocr_line' id='line_1_22' title="bbox 319 1690 1507 1736; baseline -0.002 -9"><span class='ocrx_word' id='word_1_142' title='bbox 319 1702 454 1736; x_wconf 90' lang='lat' dir='ltr'><strong>neque</strong></span> <span class='ocrx_word' id='word_1_143' title='bbox 493 1701 587 1726; x_wconf 89' lang='lat' dir='ltr'><strong>eum</strong></span> <span class='ocrx_word' id='word_1_144' title='bbox 626 1690 770 1725; x_wconf 88' lang='lat' dir='ltr'><strong>caritas</strong></span> <span class='ocrx_word' id='word_1_145' title='bbox 808 1690 963 1734; x_wconf 86' lang='lat' dir='ltr'><strong>patriae</strong></span> <span class='ocrx_word' id='word_1_146' title='bbox 1002 1690 1173 1726; x_wconf 88' lang='lat' dir='ltr'><strong>retinuit</strong></span> <span class='ocrx_word' id='word_1_147' title='bbox 1210 1700 1287 1726; x_wconf 91' lang='lat' dir='ltr'><strong>nec</strong></span> <span class='ocrx_word' id='word_1_148' title='bbox 1334 1699 1507 1725; x_wconf 87' lang='lat' dir='ltr'><strong>suorum.</strong></span> 
     </span>
     <span class='ocr_line' id='line_1_23' title="bbox 322 1761 1510 1811; baseline -0.003 -8"><span class='ocrx_word' id='word_1_149' title='bbox 322 1766 464 1811; x_wconf 88' lang='lat' dir='ltr'><strong>Neque</strong></span> <span class='ocrx_word' id='word_1_150' title='bbox 503 1777 599 1802; x_wconf 90' lang='lat' dir='ltr'><strong>vero</strong></span> <span class='ocrx_word' id='word_1_151' title='bbox 636 1768 725 1802; x_wconf 93' lang='lat' dir='ltr'><strong>tum</strong></span> <span class='ocrx_word' id='word_1_152' title='bbox 764 1764 976 1810; x_wconf 88' lang='lat' dir='ltr'><strong>ignorabat</strong></span> <span class='ocrx_word' id='word_1_153' title='bbox 1018 1776 1060 1801; x_wconf 91' lang='lat' dir='ltr'><strong>se</strong></span> <span class='ocrx_word' id='word_1_154' title='bbox 1099 1763 1151 1801; x_wconf 86' lang='lat' dir='ltr'><strong>ad</strong></span> <span class='ocrx_word' id='word_1_155' title='bbox 1190 1761 1510 1801; x_wconf 88' lang='lat' dir='ltr'><strong>crudelissimum</strong></span> 
     </span>
     <span class='ocr_line' id='line_1_24' title="bbox 319 1837 1510 1886; baseline -0.001 -7"><span class='ocrx_word' id='word_1_156' title='bbox 319 1842 477 1879; x_wconf 88' lang='lat' dir='ltr'><strong>hostem</strong></span> <span class='ocrx_word' id='word_1_157' title='bbox 509 1845 552 1878; x_wconf 89' lang='lat' dir='ltr'><strong>et</strong></span> <span class='ocrx_word' id='word_1_158' title='bbox 581 1839 633 1877; x_wconf 87' lang='lat' dir='ltr'><strong>ad</strong></span> <span class='ocrx_word' id='word_1_159' title='bbox 664 1842 863 1886; x_wconf 88' lang='lat' dir='ltr'><strong>exquisita</strong></span> <span class='ocrx_word' id='word_1_160' title='bbox 891 1839 1088 1886; x_wconf 86' lang='lat' dir='ltr'><strong>supplicia</strong></span> <span class='ocrx_word' id='word_1_161' title='bbox 1115 1838 1324 1886; x_wconf 86' lang='lat' dir='ltr'><strong>proficisci,</strong></span> <span class='ocrx_word' id='word_1_162' title='bbox 1347 1837 1420 1876; x_wconf 89' lang='lat' dir='ltr'><strong>sed</strong></span> <span class='ocrx_word' id='word_1_163' title='bbox 1450 1841 1510 1878; x_wconf 85' lang='lat' dir='ltr'><strong>ius</strong></span> 
     </span>
    </p>
   </div>
   <div class='ocr_carea' id='block_1_4' title="bbox 318 1914 1506 1962">
    <p class='ocr_par' dir='ltr' id='par_1_4' title="bbox 318 1914 1506 1962">
     <span class='ocr_line' id='line_1_25' title="bbox 318 1914 1506 1962; baseline -0.002 -6"><span class='ocrx_word' id='word_1_164' title='bbox 318 1916 531 1956; x_wconf 83' lang='lat' dir='ltr'><strong>iurandum</strong></span> <span class='ocrx_word' id='word_1_165' title='bbox 553 1915 872 1953; x_wconf 87' lang='lat' dir='ltr'><strong>conservandum</strong></span> <span class='ocrx_word' id='word_1_166' title='bbox 892 1915 1072 1962; x_wconf 81' lang='lat' dir='ltr'><strong>putabat.</strong></span> <span class='ocrx_word' id='word_1_167' title='bbox 1135 1914 1278 1962; x_wconf 83' lang='lat' dir='ltr'><strong>Itaque</strong></span> <span class='ocrx_word' id='word_1_168' title='bbox 1298 1919 1399 1961; x_wconf 87' lang='lat' dir='ltr'><strong>tum,</strong></span> <span class='ocrx_word' id='word_1_169' title='bbox 1416 1927 1506 1954; x_wconf 87' lang='lat' dir='ltr'><strong>cum</strong></span> 
     </span>
    </p>
   </div>
   <div class='ocr_carea' id='block_1_5' title="bbox 429 2005 1260 2108">
    <p class='ocr_par' dir='ltr' id='par_1_5' title="bbox 429 2005 1260 2108">
     <span class='ocr_line' id='line_1_26' title="bbox 574 2005 1260 2047; baseline -0.001 -6"><span class='ocrx_word' id='word_1_170' title='bbox 574 2005 691 2042; x_wconf 82' lang='lat' dir='ltr'><strong>¹num</strong></span> <span class='ocrx_word' id='word_1_171' title='bbox 708 2009 830 2047; x_wconf 86' lang='lat' dir='ltr'><strong>ALc,</strong></span> <span class='ocrx_word' id='word_1_172' title='bbox 851 2008 961 2046; x_wconf 86' lang='lat' dir='ltr'><strong>Edd.;</strong></span> <span class='ocrx_word' id='word_1_173' title='bbox 986 2019 1073 2040; x_wconf 86' lang='lat' dir='ltr'><strong>nam</strong></span> <span class='ocrx_word' id='word_1_174' title='bbox 1091 2009 1118 2040; x_wconf 92' lang='lat' dir='ltr'><strong>B</strong></span> <span class='ocrx_word' id='word_1_175' title='bbox 1135 2008 1168 2040; x_wconf 87' lang='lat' dir='ltr'>H</span> <span class='ocrx_word' id='word_1_176' title='bbox 1186 2018 1210 2040; x_wconf 84' lang='lat' dir='ltr'><strong>a</strong></span> <span class='ocrx_word' id='word_1_177' title='bbox 1227 2007 1260 2040; x_wconf 83' lang='lat' dir='ltr'><strong>b.</strong></span> 
     </span>
     <span class='ocr_line' id='line_1_27' title="bbox 429 2065 508 2108; baseline 0 -2"><span class='ocrx_word' id='word_1_178' title='bbox 429 2065 508 2108; x_wconf 81' lang='grc'><strong>876</strong></span> 
     </span>
    </p>
   </div>
  </div>
 </body>
</html>
