1520 2320
192 719 244 760 26

38 1022 107 1048 Fab.
125 1023 179 1049 inc.

37 1057 187 1089 (Thyestes
195 1055 220 1091 ?)

37 1091 169 1124 Vahlen2‚
182 1092 234 1119 404

196 1962 245 2000 27

567 123 767 164 CICERO
797 123 874 162 DE
903 123 1140 164 OFFICIIS

271 220 460 255 magnam
479 214 694 254 pecuniam
714 219 802 245 esse
818 208 869 253 ei,
885 209 954 254 qui
973 209 1016 244 in
1035 219 1079 245 re
1099 205 1261 254 publica
1279 207 1467 253 princeps

273 281 399 320 vellet
419 293 520 327 esse,
542 282 653 318 cuius
673 279 871 318 fructibus
896 282 1120 318 exercitum
1143 279 1252 317 alere
1275 291 1358 316 non
1377 290 1468 326 pos-

272 359 346 393 set.
399 353 622 392 Delectant
653 355 777 391 etiam
808 351 1010 399 magnifici
1041 356 1256 400 apparatus
1282 354 1471 398 vitaeque

273 427 406 466 cultus
426 440 519 464 cum
534 426 739 473 elegantia
759 430 802 464 et
821 428 956 473 copia;
985 425 1130 473 quibus
1142 425 1263 464 rebus
1279 423 1469 463 effectum

273 506 349 548 est,
369 505 416 539 ut
445 499 603 537 infinita
631 501 827 547 pecuniae
857 498 1057 546 cupiditas
1087 502 1205 537 esset.
1265 497 1354 536 Nec
1373 509 1468 535 vero

273 576 332 612 rei
351 573 557 611 familiaris
576 572 834 620 amplificatio
854 574 1009 610 nemini
1031 584 1183 610 nocens
1203 567 1470 618 vituperanda

274 652 349 693 est,
370 646 442 685 sed
462 645 658 693 fugienda
677 658 837 692 semper
855 647 1000 683 iniuria
1020 650 1093 683 est.

330 720 509 757 Maxime
529 723 668 756 autem
691 718 950 756 adducuntur
973 717 1170 765 plerique,
1190 721 1239 755 ut
1262 717 1468 761 eos-iusti-

275 795 356 830 tiae
391 794 524 839 capiat
558 791 718 838 oblivio,
752 804 844 828 cum
877 793 920 828 in
952 792 1225 838 imperiorum,
1257 788 1470 834 honorum,

274 866 426 913 gloriae
466 864 733 912 cupiditatem
771 863 1014 901 inciderunt.
1027 854 1041 879 ¹
1099 861 1222 910 Quod
1260 863 1370 899 enim
1408 864 1470 898 est

275 938 384 986 apud
403 937 602 976 Ennium:

631 1009 754 1048 Nulla
775 1015 914 1048 sancta
933 1010 1103 1048 societas

384 1085 471 1123 Nec
491 1083 590 1122 fides
610 1085 727 1130 regni
748 1083 823 1129 est,

276 1158 318 1196 id
338 1157 458 1195 latius
477 1160 603 1204 patet.
665 1155 771 1193 Nam
791 1153 983 1202 quicquid
1003 1157 1088 1193 eius
1108 1153 1218 1192 modi
1238 1158 1315 1200 est,
1329 1155 1372 1190 in
1388 1164 1468 1199 quo

275 1243 358 1268 non
392 1232 548 1277 possint
580 1228 716 1276 plures
751 1227 963 1274 excellere,
994 1229 1037 1264 in
1071 1239 1120 1265 eo
1153 1226 1199 1264 fit
1231 1225 1470 1274 plerumque

277 1308 393 1341 tanta
426 1304 650 1349 contentio,
682 1306 728 1339 ut
762 1300 1041 1339 difficillimum
1075 1302 1129 1338 sit
1161 1311 1319 1338 servare
1350 1287 1473 1335 “san-

278 1381 386 1415 ctam
405 1375 682 1415 societatem.''
744 1373 977 1411 Declaravit
995 1372 1038 1411 id
1061 1371 1182 1410 modo
1201 1373 1411 1410 temeritas
1430 1369 1472 1407 C.

278 1448 469 1495 Caesaris,
490 1450 560 1495 qui
583 1449 718 1485 omnia
740 1448 827 1484 iura
850 1445 986 1484 divina
1012 1449 1056 1483 et
1078 1444 1256 1482 humana
1278 1443 1476 1491 pervertit

277 1527 443 1570 propter
459 1535 566 1567 eum,
582 1533 705 1567 quem
724 1519 799 1558 sibi
819 1521 905 1566 ipse
921 1520 1120 1566 opinionis
1135 1529 1269 1556 errore
1289 1515 1474 1562 finxerat,

278 1598 560 1643 principatum.
622 1593 697 1631 Est
723 1597 862 1630 autem
888 1595 931 1630 in
956 1591 1034 1629 hoc
1062 1603 1215 1638 genere
1240 1588 1471 1634 molestum,

278 1667 387 1715 quod
412 1670 455 1705 in
482 1668 666 1704 maximis
692 1667 835 1703 animis
858 1663 1274 1712 splendidissimisque
1297 1663 1472 1709 ingeniis

278 1740 517 1788 plerumque
565 1741 767 1777 exsistunt
814 1737 988 1784 honoris,
1032 1739 1204 1784 imperii,
1249 1737 1472 1783 potentiae,

277 1813 429 1860 gloriae
464 1811 717 1859 cupiditates.
780 1809 872 1857 Quo
903 1811 1031 1857 magis
1060 1807 1286 1847 cavendum
1315 1811 1391 1853 est,
1420 1819 1473 1844 ne

278 1885 376 1933 quid
396 1888 437 1922 in
458 1898 507 1923 eo
526 1896 678 1932 genere
699 1888 901 1931 peccetur.

334 1958 416 1997 Sed
441 1961 482 1995 in
507 1960 616 1995 omni
638 1959 834 1994 iniustitia
858 1954 1106 2003 permultum
1130 1956 1316 2000 interest,
1335 1956 1472 1990 utrum

477 2063 486 2083 ¹
507 2064 712 2097 znciderunt
726 2063 755 2095 A
774 2063 802 2095 B
821 2062 855 2094 H
875 2062 902 2095 L
919 2073 941 2095 a
958 2061 999 2100 b3
1018 2061 1214 2094 inciderint
1226 2071 1256 2094 c.

390 2116 441 2156 26
