1546 2294
602 98 803 138 CICERO
834 99 910 136 DE
940 99 1182 139 OFFICIIS.

309 182 452 218 missae
472 179 673 218 libertatis
693 193 814 226 quam
833 185 1032 219 retentae.
1093 180 1215 228 Quod
1240 183 1366 229 igitur
1390 180 1503 220 latis-

310 250 410 285 sime
430 252 547 295 patet
565 259 700 294 neque
720 247 772 285 ad
791 247 1116 286 incolumitatem
1135 248 1278 295 solum,
1293 247 1366 287 sed
1381 251 1504 288 etiam

311 315 363 352 ad
388 328 485 362 opes
509 320 554 353 et
576 317 805 362 potentiam
828 315 939 353 valet
961 315 1193 363 plurimum,
1217 316 1260 355 id
1285 316 1506 364 amplecta-

311 396 414 430 mur,
435 388 481 420 ut
500 387 634 421 metus
654 383 772 430 absit,
789 386 933 421 caritas
952 386 1188 422 retineatur.
1222 383 1287 422 Ita
1301 383 1507 432 facillime,

312 464 415 497 quae
442 450 636 498 volemus,
663 456 707 489 et
733 453 898 498 privatis
924 453 967 488 in
990 451 1110 489 rebus
1138 456 1182 490 et
1207 454 1251 489 in
1275 465 1320 490 re
1347 451 1508 499 publica

312 532 615 565 consequemur.

369 586 544 629 Etenim*
560 589 628 633 qui
654 599 697 624 se
724 589 853 624 metui
873 586 1026 633 volent,
1046 601 1070 624 a
1090 587 1235 634 quibus
1255 592 1506 634 metuentur,

230 658 281 692 25
313 654 478 692 eosdem
497 659 685 692 metuant
705 657 782 701 ipsi
802 667 968 692 necesse
990 660 1063 692 est.
1106 653 1217 705 Quid
1238 657 1347 693 enim
1367 667 1507 693 cense-

312 735 402 760 mus
415 725 663 769 superiorem
678 722 794 759 illum
808 722 1050 769 Dionysium
1063 735 1142 769 quo
1158 725 1337 760 cruciatu
1352 725 1508 761 timoris

312 792 407 836 angi
426 789 604 836 solitum,
624 792 694 837 qui
714 789 864 828 cultros
883 795 1073 828 metuens
1093 793 1291 828 tonsorios
1305 790 1508 828 candente

313 858 487 895 carbone
519 858 595 895 sibi
624 857 824 895 adurebat
853 857 1068 904 capillum?
1100 857 1199 904 quid
1227 857 1507 896 Alexandrum

315 925 540 963 Pheraeum
574 938 654 971 quo
687 927 822 962 animo
856 927 1002 963 vixisse
1040 925 1304 963 arbitramur?
1344 928 1426 972 qui,
1460 931 1508 964 ut

312 996 507 1041 scriptum
538 993 724 1040 legimus,
760 1007 853 1030 cum
883 1006 1051 1031 uxorem
1081 992 1253 1031 Theben
1287 993 1505 1031 admodum

312 1061 517 1107 diligeret,
530 1065 669 1099 tamen
682 1060 734 1098 ad
743 1073 832 1098 eam
841 1073 891 1098 ex
905 1060 1035 1107 epulis
1047 1063 1090 1097 in
1099 1060 1330 1098 cubiculum
1337 1063 1504 1098 veniens

314 1126 539 1172 barbarum,
555 1130 599 1163 et
619 1138 712 1163 eum
733 1124 912 1171 quidem,
933 1129 980 1162 ut
999 1127 1195 1171 scriptum
1214 1129 1291 1171 est,
1311 1137 1504 1172 compun-

313 1195 424 1227 ctum
439 1192 547 1227 notis
559 1188 778 1235 Thraeciis,
795 1188 991 1226 destricto
1010 1188 1146 1235 gladio
1162 1189 1328 1227 iubebat
1347 1191 1504 1227 anteire

312 1253 682 1301 praemittebatque
698 1252 750 1291 de
766 1253 1026 1299 stipatoribus
1042 1255 1136 1299 suis,
1149 1255 1219 1299 qui
1231 1257 1508 1290 scrutarentur

311 1317 465 1355 arculas
491 1316 710 1354 muliebres
735 1321 791 1362 et,
816 1329 868 1354 ne
893 1316 1001 1363 quod
1025 1319 1068 1353 in
1094 1319 1350 1354 vestimentis
1376 1316 1506 1355 telum

311 1381 596 1427 occultaretur,
618 1383 889 1427 exquirerent.
923 1380 960 1418 O
981 1383 1186 1426 miserum,
1199 1382 1267 1427 qui
1283 1379 1507 1418 fideliorem

313 1451 356 1484 et
370 1446 584 1483 barbarum
605 1449 648 1482 et
674 1447 923 1491 stigmatiam
944 1449 1108 1491 putaret
1127 1457 1249 1491 quam
1269 1444 1504 1491 coniugem!

311 1510 399 1547 Nec
423 1522 516 1547 eum
543 1508 712 1550 fefellit;
741 1508 793 1546 ab
817 1521 865 1546 ea
889 1513 952 1546 est
976 1510 1086 1546 enim
1110 1510 1196 1555 ipsa
1215 1512 1382 1555 propter
1401 1507 1502 1555 peli-

310 1578 423 1612 catus
443 1576 712 1620 suspicionem
731 1571 983 1610 interfectus.

364 1637 453 1675 Nec
472 1650 567 1674 vero
587 1636 669 1674 ulla
688 1638 746 1673 vis
767 1638 926 1683 imperii
945 1640 1061 1673 tanta
1074 1641 1150 1683 est,
1170 1648 1273 1682 quae
1288 1641 1502 1683 premente

225 1701 277 1741 26
306 1706 419 1740 metu
440 1704 566 1748 possit
586 1713 673 1739 esse
693 1699 895 1738 diuturna.
956 1699 1089 1738 Testis
1105 1705 1168 1738 est
1185 1699 1375 1747 Phalaris,
1390 1702 1503 1738 cuius

307 1771 370 1804 est
397 1770 559 1812 praeter
579 1769 735 1802 ceteros
756 1763 971 1802 nobilitata
997 1763 1228 1810 crudelitas,
1255 1765 1324 1810 qui
1344 1777 1426 1801 non
1451 1777 1501 1802 ex

306 1829 461 1867 insidiis
485 1831 654 1874 interiit,
683 1833 731 1866 ut
757 1831 803 1875 is,
830 1841 952 1875 quem
979 1827 1099 1865 modo
1125 1827 1223 1874 dixi,
1253 1827 1501 1874 Alexander,

303 1907 386 1931 non
417 1906 440 1931 a
471 1895 622 1940 paucis,
650 1897 696 1930 ut
727 1891 792 1929 hic
818 1896 970 1938 noster,
998 1891 1070 1929 sed
1096 1894 1137 1928 in
1165 1904 1287 1938 quem
1314 1894 1499 1929 universa

303 1958 667 2004 Agrigentinorum
686 1955 908 1993 multitudo
928 1958 1126 2002 impetum
1147 1955 1256 1993 fecit.

355 2019 490 2068 Quid?
550 2020 796 2058 Macedones
810 2032 947 2058 nonne
965 2018 1222 2057 Demetrium
1242 2019 1496 2066 reliquerunt

415 2079 490 2120 192
