1520 2320
173 833 224 869 84

540 106 742 146 CICERO
772 106 849 144 DE
879 105 1117 146 OFFICIIS

245 194 387 237 optare
427 188 632 227 dementis
670 193 746 235 est,
777 188 992 226 subvenire
1029 193 1168 226 autem
1206 190 1442 236 tempestati

248 257 388 301 quavis
408 256 565 290 ratione
592 254 800 299 sapientis,
821 265 951 298 eoque
976 255 1118 299 magis,
1140 254 1173 290 si
1198 251 1288 300 plus
1314 252 1443 300 adipi-

251 331 363 356 scare
383 330 428 355 re
450 317 652 364 explicata
671 317 768 354 boni
787 330 909 363 quam
928 316 1168 354 addubitata
1185 316 1291 355 mali.

307 381 560 420 Periculosae
580 386 719 419 autem
734 394 868 418 rerum
883 383 1064 418 actiones
1079 383 1228 427 partim
1246 372 1316 419 iis1
1335 385 1444 427 sunt,

251 449 321 500 qui
356 459 423 484 eas
453 448 691 493 suscipiunt,
723 448 871 492 partim
905 448 964 482 rei
998 445 1195 492 publicae.
1257 444 1444 492 Itemque

252 511 320 549 alii
349 510 402 549 de
423 514 518 556 vita,
539 509 607 547 alii
628 509 680 548 de
707 509 836 556 gloria
862 514 907 547 et
933 509 1210 547 benivolentia
1235 512 1381 547 civium
1401 512 1444 547 in

252 576 471 614 discrimen
509 579 715 612 vocantur.
777 573 1048 620 Promptiores
1086 572 1212 620 igitur
1248 573 1445 612 debemus

253 653 341 678 esse
362 639 415 677 ad
434 644 573 677 nostra
592 638 772 685 pericula
790 651 911 684 quam
925 637 978 675 ad
993 640 1221 675 communia
1236 637 1446 676 dimicare·
1490 626 1493 629 Δ

252 718 332 752 que
366 706 544 752 paratius
578 702 630 741 de
661 702 815 741 honore
846 707 891 740 et
919 702 1048 749 gloria
1074 715 1196 749 quam
1221 702 1274 745 de
1301 706 1448 741 ceteris

254 768 484 807 commodis.

312 828 477 866 Inventi
508 833 647 865 autem
678 826 797 864 multi
829 830 937 873 sunt,
965 829 1034 873 qui
1063 839 1147 864 non
1175 825 1296 865 modo
1325 840 1447 874 pecu-

255 892 379 935 niam,
399 887 473 926 sed
500 890 624 925 etiam
641 889 776 924 -vitam
803 885 1050 933 profundere
1077 900 1150 934 pro
1169 889 1298 933 patria
1318 889 1446 934 parati

257 953 407 995 essent,
428 947 554 985 iidem
581 946 733 993 gloriae
760 949 956 984 iacturam
979 959 1034 984 ne
1052 949 1262 984 minimam
1281 946 1447 993 quidem

256 1009 389 1046 facere
408 1007 577 1053 vellent,
597 1019 651 1044 ne
670 1019 714 1044 re
740 1006 902 1053 publica
928 1005 1093 1052 quidem
1118 1005 1372 1053 postulante3
1401 1010 1449 1044 ut

259 1066 548 1112 Callicratidas,
569 1068 651 1113 qui,
672 1079 764 1103 cum
785 1065 1197 1103 Lacedaemoniorum
1210 1065 1291 1103 dux
1305 1065 1448 1105 fuisset

258 1127 601 1174 Peloponnesiaco
621 1125 729 1163 bello
748 1125 958 1171 multaque
978 1124 1142 1163 fecisset
1162 1128 1339 1172 egregie,
1361 1138 1449 1163 ver-

257 1190 311 1225 tit
343 1186 396 1224 ad
430 1191 659 1224 extremum
693 1187 840 1230 omnia,
875 1198 967 1222 cum
1001 1185 1167 1223 consilio
1200 1199 1283 1223 non
1315 1187 1451 1232 paruit

259 1260 411 1292 eorum,
439 1247 509 1292 qui
535 1245 704 1283 classem
735 1245 786 1282 ab
813 1244 1025 1290 Arginusis
1055 1245 1341 1283 removendam
1374 1258 1451 1283 nec

261 1319 354 1344 cum
385 1305 708 1343 Atheniensibus
740 1304 1016 1342 dimicandum
1047 1305 1267 1352 putabant3
1306 1305 1451 1352 quibus

260 1366 330 1403 ille
350 1364 562 1412 respondit
581 1363 922 1402 Lacedaemonios
941 1364 1066 1402 classe
1086 1364 1155 1401 illa
1173 1367 1317 1402 amissa
1335 1364 1453 1402 aliam

263 1438 404 1473 parare
423 1437 554 1472 posse,
575 1437 619 1462 se
639 1423 782 1471 fugere
802 1427 888 1461 sine
909 1436 980 1461 suo
1000 1423 1200 1462 dedecore
1220 1437 1302 1462 non
1322 1437 1451 1471 posse.

263 1486 402 1532 Atque
417 1484 518 1533 haec
533 1484 699 1531 quidem
720 1477 1074 1521 Lacedaemoniis²
1089 1483 1208 1530 plaga
1226 1483 1453 1530 mediocris,

261 1553 332 1591 illa
351 1552 558 1600 pestifera,
575 1565 667 1599 qua,
684 1565 776 1589 cum
797 1551 1076 1590 Cleombrotus
1091 1551 1283 1590 invidiam
1303 1555 1452 1590 timens

262 1617 419 1651 temere
440 1626 532 1650 cum
560 1610 841 1658 Epaminonda
867 1611 1111 1650 conflixisset
1138 1611 1453 1650 Lacedaemoni-

262 1685 378 1710 orum
397 1685 495 1716 opes
515 1676 763 1709 corruerunt.

320 1767 333 1790 ¹
347 1768 395 1802 iis
410 1769 520 1808 Edd.;
536 1769 595 1801 his
609 1768 715 1802 MSS.

321 1811 488 1890 ²q2g4igegfz
511 1811 803 1846 Lacedaemoniis
826 1811 935 1851 Edd.‚
954 1813 1096 1854 quidem
1113 1813 1154 1846 de
1169 1812 1459 1846 Lacedaemoniis

333 1943 455 1974 “Such
479 1951 523 1974 as
546 1942 607 1973 the
631 1946 766 1973 esteem
791 1940 865 1972 and
889 1941 1075 1981 good-will
1099 1941 1140 1972 of
1152 1940 1456 1979 fe110w-citizens3

278 1988 350 2026 life,
368 1986 511 2028 liberty,
525 1985 598 2017 and
615 1986 675 2016 the
697 1985 835 2026 put-suit
851 1984 894 2016 of
905 1984 1120 2026 happiness3
1145 1985 1204 2017 the
1221 1984 1404 2017 existence
1420 1983 1461 2016 of

279 2032 339 2064 the
356 2034 452 2063 state
468 2029 543 2063 and
557 2030 605 2061 all
622 2030 682 2061 the
698 2028 930 2070 advantages
947 2027 974 2060 it
991 2028 1130 2070 brings.

378 2085 432 2121 84
