1546 2294
194 578 243 618 17

204 1158 252 1192 18

568 44 769 82 CICERO
799 44 876 82 DE
906 44 1143 84 OFFICIIS

270 129 342 165 tici
376 127 515 173 magni
550 130 593 163 et
627 127 790 172 copiosi,
826 128 896 172 qui
935 125 1117 164 collectis
1157 128 1304 164 ceteris
1340 128 1469 164 causis

273 191 484 236 eluvionis,
523 189 798 237 pestilentiae,
837 192 1052 237 vastitatis,
1090 189 1301 228 beluarum
1344 192 1468 228 etiam

272 257 512 302 repentinae
532 253 822 300 multitudinis,
837 267 1007 301 quarum
1026 256 1183 302 impetu
1204 253 1326 292 docet
1346 267 1469 301 quae-

274 319 367 356 dam
387 318 599 356 hominum
625 331 777 364 genera
798 330 885 356 esse
915 323 1166 366 consumpta,
1187 317 1339 356 deinde
1360 330 1467 356 com-

273 388 402 430 parat,
431 387 585 429 quanto
614 381 750 430 plures
780 381 908 420 deleti
938 385 1022 420 sint
1048 381 1232 420 homines
1258 380 1470 420 hominum

274 451 445 494 impetu,
479 446 523 484 id
551 451 615 485 est
644 446 761 484 bellis
789 451 861 484 aut
894 446 1174 493 seditionibus,
1204 459 1325 493 quam
1359 448 1469 484 omni

273 511 428 558 reliqua
448 510 688 561 calamitate.

331 575 432 613 Cum
451 577 577 621 igitur
592 574 658 612 hic
673 574 783 612 locus
799 573 900 611 nihil
917 573 1066 612 habeat
1081 574 1359 622 dubitationis,
1371 576 1469 621 quin

276 639 462 677 homines
491 639 710 686 plurimum
738 634 969 676 hominibus
999 643 1044 676 et
1069 641 1226 686 prosint
1252 642 1296 676 et
1321 638 1471 684 obsint,

278 706 484 751 proprium
513 702 590 740 hoc
617 707 752 740 statuo
778 715 864 740 esse
885 705 1059 749 virtutis,
1081 701 1294 740 conciliare
1318 703 1472 740 animos

278 768 489 806 hominum
509 772 553 805 et
572 766 624 804 ad
651 780 746 804 usus
773 779 864 804 suos
890 766 1124 813 adiungere.
1186 765 1346 814 Itaque,
1367 778 1472 813 quae

278 835 321 870 in
355 831 475 869 rebus
508 833 697 871 inanimis
727 843 912 877 quaeque
947 833 989 867 in
1021 843 1095 868 usu
1127 822 1194 868 et¹
1228 832 1472 868 tractatione

278 896 489 934 beluarum
509 895 613 933 fiunt
633 895 790 932 utiliter
808 894 860 931 ad
880 894 1090 932 hominum
1106 896 1244 940 vitam,
1260 894 1413 932 artibus
1426 906 1474 932 ea

279 961 516 999 tribuuntur
539 961 729 1006 operosis,
748 958 960 996 hominum
986 963 1123 996 autem
1151 957 1286 996 studia
1310 957 1362 996 ad
1388 971 1473 995 am-

279 1024 568 1072 plificationem
601 1027 828 1060 nostrarum
861 1035 997 1060 rerum
1031 1027 1218 1069 prompta
1250 1035 1296 1059 ac
1334 1026 1474 1069 parata
1528 1048 1531 1051 »

283 1080 476 1135 [virorum
495 1077 807 1134 praestantium]
818 1077 833 1102 ²
852 1089 1052 1133 sapientia
1068 1090 1111 1124 et
1126 1088 1278 1124 virtute
1293 1088 1472 1124 excitan-

283 1158 360 1190 tur.
421 1151 587 1189 Etenim
608 1154 734 1188 virtus
761 1153 891 1188 omnis
917 1149 1046 1188 tribus
1073 1153 1117 1187 in
1143 1150 1263 1188 rebus
1283 1149 1369 1189 fere
1389 1162 1477 1187 ver-

285 1220 399 1263 titur,
413 1229 582 1263 quarum
597 1229 678 1252 una
699 1219 762 1252 est
777 1217 819 1252 in
838 1213 1134 1261 perspiciendo,
1149 1213 1247 1261 quid
1262 1215 1304 1251 in
1319 1226 1479 1261 quaque

284 1294 328 1318 re
343 1293 483 1318 verum
499 1282 782 1325 sincerumque
797 1281 862 1325 sit,
876 1277 975 1325 quid
990 1282 1310 1315 consentaneum
1322 1279 1481 1324 cuique,

285 1344 384 1391 quid
413 1355 679 1390 consequens,
710 1356 759 1380 ex
789 1355 869 1389 quo
899 1354 1084 1389 quaeque
1113 1344 1347 1389 gignantur,
1376 1354 1480 1388 quae

286 1412 481 1454 cuiusque
502 1410 560 1444 rei
582 1419 700 1444 causa
715 1409 780 1452 sit,
795 1406 969 1444 alterum
991 1405 1181 1443 cohibere
1200 1410 1335 1443 motus
1354 1407 1478 1443 animi

285 1474 482 1518 turbatos,
510 1484 609 1518 quos
636 1471 781 1508 Graeci
808 1468 914 1515 πάθη
941 1473 1166 1516 nominant,
1186 1471 1478 1516 appetitiones-

285 1551 378 1584 que,
414 1549 512 1582 quas
547 1535 606 1572 illi
646 1533 772 1581 ὁρμάς,
815 1533 1082 1571 oboedientes
1122 1534 1279 1571 efficere
1316 1535 1477 1580 rationi,

286 1603 455 1639 tertium
484 1602 547 1646 iis,
574 1599 813 1645 quibuscum
842 1610 1152 1644 congregemur,
1178 1599 1239 1635 uti
1268 1597 1478 1635 moderate

286 1670 330 1703 et
350 1667 540 1709 scienter,
551 1671 726 1709 'quorum
747 1661 891 1699 studiis
908 1675 968 1707 ea,
981 1674 1084 1707 quae
1101 1666 1246 1698 natura
1260 1660 1479 1708 desiderat,

287 1728 452 1775 expleta
481 1726 766 1772 cumulataque
796 1725 1030 1771 habeamus,
1058 1738 1132 1772 per
1161 1724 1420 1771 eosdemque,
1448 1727 1481 1763 si

287 1793 385 1840 quid
434 1795 677 1838 importetur
726 1790 841 1827 nobis
891 1788 1150 1835 incommodi,
1200 1788 1480 1836 propulsemus

287 1857 606 1902 ulciscamurque
650 1867 732 1900 eos,
764 1857 833 1900 qui
868 1867 1015 1891 nocere
1055 1853 1171 1891 nobis
1210 1855 1344 1890 conati
1382 1855 1477 1899 sint,

387 1928 393 1946 ¹
408 1939 476 1960 usu
492 1931 527 1960 et
543 1928 570 1959 L
586 1937 604 1959 e
618 1937 663 1968 ρ;
682 1926 790 1957 notin
812 1926 838 1957 B
857 1925 888 1957 H
908 1936 931 1957 a
945 1925 967 1957 b
982 1937 990 1962 ;
1008 1925 1205 1957 bracketed
1222 1924 1270 1967 by
1287 1924 1359 1958 Bt.¹

386 1971 398 1991 ²
410 1973 567 2004 virorum
580 1970 846 2013 praestantium
865 1968 1062 2001 bracketed
1079 1968 1126 2011 by
1145 1968 1211 2001 Ed.

400 2027 477 2061 184
