1546 2294
552 112 753 151 CICERO
784 111 860 150 DE
890 111 1127 151 OFFICIIS

258 216 338 249 quo
360 207 582 240 nascuntur
607 201 918 239 innumerabilia
943 206 1124 248 peccata,
1149 214 1242 239 eum
1266 200 1453 240 homines

258 261 386 299 inflati
405 261 661 309 opinionibus
688 264 863 308 turpiter
889 261 1110 299 irridentur
1134 265 1178 299 et
1202 263 1246 298 in
1268 262 1452 299 maximis

260 314 471 359 versantur
490 322 700 359 erroribus.

315 382 397 420 Sed
418 382 519 420 haec
538 381 704 428 quidem
723 381 931 419 hactenus.

176 446 228 486 92
316 442 424 479 Illud
444 447 582 479 autem
602 444 658 479 sic
679 446 742 479 est
766 440 1039 487 iudicandum,
1059 442 1254 479 maximas
1276 442 1364 488 geri
1387 454 1452 479 res

258 507 302 540 et
335 504 499 539 maximi
533 504 657 538 animi
690 502 742 539 ab
775 494 853 547 iis,l
887 504 957 548 qui
991 515 1055 539 res
1083 501 1264 548 publicas
1292 506 1451 548 regant,

258 562 366 609 quod
393 575 531 599 earum
557 561 853 599 administratio
879 560 1072 599 latissime
1096 565 1236 607 pateat
1254 560 1307 598 ad
1325 560 1450 608 pluri-

258 635 423 668 mosque
444 624 648 668 pertineat
659 634 668 666 ;
699 634 785 658 esse
805 626 943 658 autem
963 624 1100 667 magni
1119 623 1244 658 animi
1263 626 1307 658 et
1326 620 1449 659 fuisse

257 682 406 719 multos
438 684 561 719 etiam
592 683 635 718 in
666 684 749 718 vita
779 683 919 726 otiosa,
952 683 1021 726 qui
1051 685 1122 718 aut
1154 683 1450 727 investigarent

257 748 327 780 aut
365 746 609 779 conarentur
645 754 793 787 magna
835 740 1034 787 quaedam
1075 753 1244 787 seseque
1285 753 1446 778 suarum

255 815 390 840 rerum
416 801 562 839 finibus
589 803 849 838 continerent
868 805 939 838 aut
958 802 1164 837 interiecti
1184 803 1294 838 inter
1316 799 1447 847 philo·

256 862 402 910 sophos
441 866 484 899 et
523 874 604 908 eos,
639 863 708 907 qui
742 873 828 898 rem
867 860 1070 907 publicam
1104 859 1449 906 administrarent,

257 923 561 961 delectarentur
580 934 623 958 re
646 934 716 958 sua
736 919 922 958 familiari
942 933 1024 957 non
1045 933 1134 957 eam
1154 919 1319 966 quidem
1339 923 1446 958 omni

256 985 412 1020 ratione
433 986 727 1027 exaggerantes
750 993 885 1026 neque
913 979 1177 1017 excludentes
1196 980 1248 1017 ab
1267 982 1353 1017 eius
1372 993 1444 1018 usu

255 1056 345 1081 suos
361 1044 576 1089 potiusque
592 1046 635 1078 et
650 1042 787 1078 amicis
801 1042 1084 1086 impertientes
1103 1043 1148 1077 et
1166 1041 1226 1077 rei
1245 1039 1444 1086 publicae,

255 1106 286 1141 si
306 1102 468 1150 quando
487 1114 581 1139 usus
601 1105 718 1138 esset.
779 1098 895 1147 Quae
914 1102 1088 1147 primum
1108 1100 1214 1138 bene
1234 1092 1373 1147 parta2
1392 1102 1445 1138 sit

255 1163 367 1200 nullo
402 1175 536 1208 neque
570 1163 679 1207 turpi
714 1164 884 1206 quaestu
923 1173 1057 1206 neque
1102 1159 1252 1206 odioso,
1293 1159 1444 1198 deinde

255 1227 451 1270 augeatur
476 1223 644 1266 ratione,
669 1220 895 1266 diligentia,
918 1212 1193 1266 parsimonia,³
1210 1224 1299 1257 tum
1325 1232 1444 1266 quam

256 1283 450 1330 plurimis,
492 1280 613 1318 modo
666 1280 812 1326 dignis,
856 1292 899 1317 se
945 1278 1089 1316 utilem
1133 1279 1327 1326 praebeat
1368 1291 1445 1316 nec

255 1342 413 1380 libidini
433 1342 567 1388 potius
586 1339 847 1386 luxuriaeque
868 1352 987 1385 quarn
1006 1338 1240 1376 liberalitati
1260 1343 1304 1376 et
1323 1338 1447 1377 bene-

257 1402 443 1440 ficentiae
463 1404 613 1447 pareat.

313 1462 429 1499 Haec
458 1461 704 1507 praescripta
733 1468 962 1496 servantem
987 1457 1084 1495 licet
1107 1457 1333 1504 magnifice,
1356 1470 1446 1504 gra-

255 1525 359 1560 viter
396 1522 656 1565 animoseque
695 1520 829 1556 vivere
867 1522 991 1564 atque
1030 1520 1153 1555 etiam
1196 1517 1446 1564 simpliciter,

255 1581 442 1626 fideliter,
466 1572 487 1617 †
509 1591 603 1617 vere
624 1577 833 1615 hominum
853 1580 991 1614 amice.

171 1646 223 1687 93
309 1639 482 1678 XXVII,
543 1638 747 1684 Sequitur,
795 1642 842 1675 ut
892 1636 945 1674 de
993 1649 1074 1674 una
1124 1636 1278 1683 reliqua
1329 1641 1444 1683 parte

253 1701 477 1740 honestatis
501 1696 720 1735 dicendum
744 1699 810 1743 sit,
834 1698 876 1733 in
901 1709 980 1743 qua
999 1695 1243 1734 verecundia
1266 1700 1309 1734 et
1332 1699 1444 1743 quasi

301 1801 311 1822 ¹
328 1803 375 1835 iis
392 1802 502 1839 Edd.;
518 1800 577 1832 lus
593 1799 697 1831 MSS.

296 1846 310 1867 ‘²
325 1850 437 1890 parta
455 1844 509 1884 13²,
530 1844 619 1876 Edd.
631 1855 640 1881 ς
652 1845 789 1885 parata
805 1841 837 1874 A
856 1840 900 1874 Β2
918 1842 951 1874 H
972 1842 1000 1874 L
1015 1853 1038 1874 a
1055 1841 1078 1874 b
1094 1852 1125 1874 c.

296 1891 449 1922 ³deinde
463 1913 471 1922 .
491 1913 500 1921 .
521 1912 529 1920 .
543 1886 772 1930 parsimonia
797 1886 904 1924 Edd..
931 1886 1027 1918 after
1054 1885 1196 1928 Unger,
1222 1889 1443 1929 transpose:

250 1935 284 1967 in
303 1935 405 1967 MSS.
427 1935 453 1965 it
468 1933 609 1965 follows
626 1934 702 1962 tum
718 1954 726 1962 .
748 1953 757 1962 .
777 1953 786 1962 .
799 1933 941 1972 pareat.

777 2036 794 2054 ⁸
808 2032 833 2073 ἓ
849 2041 901 2074 70·

359 2092 413 2132 94-
