<?xml version="1.0" encoding="UTF-8"?>
<!DOCTYPE html PUBLIC "-//W3C//DTD XHTML 1.0 Transitional//EN"
    "http://www.w3.org/TR/xhtml1/DTD/xhtml1-transitional.dtd">
<html xmlns="http://www.w3.org/1999/xhtml" xml:lang="en" lang="en">
 <head>
  <title>
</title>
<meta http-equiv="Content-Type" content="text/html;charset=utf-8" />
  <meta name='ocr-system' content='tesseract 3.04.00' />
  <meta name='ocr-capabilities' content='ocr_page ocr_carea ocr_par ocr_line ocrx_word'/>
</head>
<body>
  <div class='ocr_page' id='page_1' title='image "./deofficiiswithen00ciceuoft_0406.png"; bbox 0 0 1546 2294; ppageno 0'>
   <div class='ocr_carea' id='block_1_1' title="bbox 93 779 281 1098">
    <p class='ocr_par' dir='ltr' id='par_1_1' title="bbox 93 779 280 1026">
     <span class='ocr_line' id='line_1_1' title="bbox 94 779 280 813; baseline -0.005 -6"><span class='ocrx_word' id='word_1_1' title='bbox 94 779 247 813; x_wconf 53' lang='lat' dir='ltr'><strong>(Thyestes</strong></span> <span class='ocrx_word' id='word_1_2' title='bbox 254 779 280 812; x_wconf 85' lang='lat'><strong>?)</strong></span> 
     </span>
     <span class='ocr_line' id='line_1_2' title="bbox 93 814 241 845; baseline 0 -5"><span class='ocrx_word' id='word_1_3' title='bbox 93 814 160 840; x_wconf 82' lang='lat' dir='ltr'><strong><em>Fab.</em></strong></span> <span class='ocrx_word' id='word_1_4' title='bbox 178 814 241 845; x_wconf 73' lang='lat' dir='ltr'><strong>inc..</strong></span> 
     </span>
     <span class='ocr_line' id='line_1_3' title="bbox 94 847 226 880; baseline 0.008 -7"><span class='ocrx_word' id='word_1_5' title='bbox 94 847 226 880; x_wconf 68' lang='lat' dir='ltr'><strong>Vahlenss,</strong></span> 
     </span>
     <span class='ocr_line' id='line_1_4' title="bbox 93 882 146 909; baseline 0 0"><span class='ocrx_word' id='word_1_6' title='bbox 93 882 146 909; x_wconf 76' lang='lat'><strong>403</strong></span> 
     </span>
     <span class='ocr_line' id='line_1_5' title="bbox 93 998 244 1026; baseline 0.007 -1"><span class='ocrx_word' id='word_1_7' title='bbox 93 998 244 1026; x_wconf 81' lang='lat' dir='ltr'><strong>unknown</strong></span> 
     </span>
    </p>

    <p class='ocr_par' dir='ltr' id='par_1_2' title="bbox 207 1064 281 1098">
     <span class='ocr_line' id='line_1_6' title="bbox 207 1064 281 1098; baseline 0.014 -1"><span class='ocrx_word' id='word_1_8' title='bbox 207 1065 220 1097; x_wconf 96' lang='lat' dir='ltr'><strong>l</strong></span> <span class='ocrx_word' id='word_1_9' title='bbox 231 1064 281 1098; x_wconf 92' lang='lat'><strong>05</strong></span> 
     </span>
    </p>
   </div>
   <div class='ocr_carea' id='block_1_2' title="bbox 612 105 1186 150">
    <p class='ocr_par' dir='ltr' id='par_1_3' title="bbox 612 105 1186 150">
     <span class='ocr_line' id='line_1_7' title="bbox 612 105 1186 150; baseline 0.01 -6"><span class='ocrx_word' id='word_1_10' title='bbox 612 105 812 147; x_wconf 87' lang='lat' dir='ltr'>CICERO</span> <span class='ocrx_word' id='word_1_11' title='bbox 842 107 920 146; x_wconf 93' lang='lat' dir='ltr'><strong>DE</strong></span> <span class='ocrx_word' id='word_1_12' title='bbox 949 107 1186 150; x_wconf 88' lang='lat' dir='ltr'>OFFICIIS</span> 
     </span>
    </p>
   </div>
   <div class='ocr_carea' id='block_1_3' title="bbox 310 187 1513 1832">
    <p class='ocr_par' dir='ltr' id='par_1_4' title="bbox 317 187 1513 735">
     <span class='ocr_line' id='line_1_8' title="bbox 374 187 1509 240; baseline 0.004 -15"><span class='ocrx_word' id='word_1_13' title='bbox 374 187 491 226; x_wconf 88' lang='lat' dir='ltr'><strong>Haec</strong></span> <span class='ocrx_word' id='word_1_14' title='bbox 508 187 673 235; x_wconf 92' lang='lat' dir='ltr'><strong>quidem</strong></span> <span class='ocrx_word' id='word_1_15' title='bbox 692 191 796 227; x_wconf 86' lang='lat' dir='ltr'><strong>ratio</strong></span> <span class='ocrx_word' id='word_1_16' title='bbox 815 202 898 228; x_wconf 91' lang='lat' dir='ltr'><strong>non</strong></span> <span class='ocrx_word' id='word_1_17' title='bbox 917 193 1046 237; x_wconf 87' lang='lat' dir='ltr'><strong>magis</strong></span> <span class='ocrx_word' id='word_1_18' title='bbox 1065 196 1206 229; x_wconf 79' lang='lat' dir='ltr'><strong>contra</strong></span> <span class='ocrx_word' id='word_1_19' title='bbox 1227 191 1373 239; x_wconf 83' lang='lat' dir='ltr'><strong>Reguli</strong></span> <span class='ocrx_word' id='word_1_20' title='bbox 1388 204 1509 240; x_wconf 78' lang='lat' dir='ltr'><strong>quam</strong></span> 
     </span>
     <span class='ocr_line' id='line_1_9' title="bbox 318 262 1511 304; baseline 0.005 -6"><span class='ocrx_word' id='word_1_21' title='bbox 318 265 459 299; x_wconf 80' lang='lat' dir='ltr'><strong>contra</strong></span> <span class='ocrx_word' id='word_1_22' title='bbox 474 274 594 300; x_wconf 91' lang='lat' dir='ltr'><strong>omne</strong></span> <span class='ocrx_word' id='word_1_23' title='bbox 610 264 671 300; x_wconf 93' lang='lat' dir='ltr'><strong>ius</strong></span> <span class='ocrx_word' id='word_1_24' title='bbox 686 262 902 300; x_wconf 86' lang='lat' dir='ltr'><strong>iurandum</strong></span> <span class='ocrx_word' id='word_1_25' title='bbox 917 262 1037 302; x_wconf 84' lang='lat' dir='ltr'><strong>valet.</strong></span> <span class='ocrx_word' id='word_1_26' title='bbox 1082 263 1165 303; x_wconf 88' lang='lat' dir='ltr'><strong>Sed</strong></span> <span class='ocrx_word' id='word_1_27' title='bbox 1180 266 1223 302; x_wconf 88' lang='lat' dir='ltr'><strong>in</strong></span> <span class='ocrx_word' id='word_1_28' title='bbox 1239 266 1326 303; x_wconf 90' lang='lat' dir='ltr'><strong>iure</strong></span> <span class='ocrx_word' id='word_1_29' title='bbox 1341 265 1511 304; x_wconf 83' lang='lat' dir='ltr'><strong>iurando</strong></span> 
     </span>
     <span class='ocr_line' id='line_1_10' title="bbox 317 334 1513 384; baseline 0.004 -13"><span class='ocrx_word' id='word_1_30' title='bbox 317 346 400 371; x_wconf 90' lang='lat' dir='ltr'><strong>non</strong></span> <span class='ocrx_word' id='word_1_31' title='bbox 419 336 488 381; x_wconf 90' lang='lat' dir='ltr'><strong>qui</strong></span> <span class='ocrx_word' id='word_1_32' title='bbox 508 339 655 381; x_wconf 90' lang='lat' dir='ltr'><strong>metus,</strong></span> <span class='ocrx_word' id='word_1_33' title='bbox 677 334 750 373; x_wconf 88' lang='lat' dir='ltr'><strong>sed</strong></span> <span class='ocrx_word' id='word_1_34' title='bbox 770 347 873 382; x_wconf 91' lang='lat' dir='ltr'><strong>quae</strong></span> <span class='ocrx_word' id='word_1_35' title='bbox 894 338 952 373; x_wconf 93' lang='lat' dir='ltr'><strong>vis</strong></span> <span class='ocrx_word' id='word_1_36' title='bbox 972 337 1037 382; x_wconf 90' lang='lat' dir='ltr'><strong>sit,</strong></span> <span class='ocrx_word' id='word_1_37' title='bbox 1059 335 1186 374; x_wconf 87' lang='lat' dir='ltr'><strong>debet</strong></span> <span class='ocrx_word' id='word_1_38' title='bbox 1211 336 1420 384; x_wconf 80' lang='lat' dir='ltr'><strong>intellegi3</strong></span> <span class='ocrx_word' id='word_1_39' title='bbox 1449 341 1513 376; x_wconf 88' lang='lat' dir='ltr'><strong>est</strong></span> 
     </span>
     <span class='ocr_line' id='line_1_11' title="bbox 318 406 1512 456; baseline 0.004 -12"><span class='ocrx_word' id='word_1_40' title='bbox 318 408 428 444; x_wconf 90' lang='lat' dir='ltr'><strong>enim</strong></span> <span class='ocrx_word' id='word_1_41' title='bbox 446 409 508 444; x_wconf 92' lang='lat' dir='ltr'><strong>ius</strong></span> <span class='ocrx_word' id='word_1_42' title='bbox 527 406 743 445; x_wconf 85' lang='lat' dir='ltr'><strong>iurandum</strong></span> <span class='ocrx_word' id='word_1_43' title='bbox 769 407 980 445; x_wconf 87' lang='lat' dir='ltr'><strong>affirmatio</strong></span> <span class='ocrx_word' id='word_1_44' title='bbox 999 407 1207 455; x_wconf 84' lang='lat' dir='ltr'><strong>religiosa3</strong></span> <span class='ocrx_word' id='word_1_45' title='bbox 1236 409 1345 456; x_wconf 92' lang='lat' dir='ltr'><strong>quod</strong></span> <span class='ocrx_word' id='word_1_46' title='bbox 1373 414 1512 448; x_wconf 82' lang='lat' dir='ltr'><strong>autem</strong></span> 
     </span>
     <span class='ocr_line' id='line_1_12' title="bbox 318 478 1508 528; baseline 0.003 -12"><span class='ocrx_word' id='word_1_47' title='bbox 318 478 511 517; x_wconf 85' lang='lat' dir='ltr'><strong>affirmate</strong></span> <span class='ocrx_word' id='word_1_48' title='bbox 540 481 653 525; x_wconf 86' lang='lat' dir='ltr'>quasi</span> <span class='ocrx_word' id='word_1_49' title='bbox 684 479 762 517; x_wconf 91' lang='lat' dir='ltr'><strong>deo</strong></span> <span class='ocrx_word' id='word_1_50' title='bbox 792 484 900 518; x_wconf 91' lang='lat' dir='ltr'><strong>teste</strong></span> <span class='ocrx_word' id='word_1_51' title='bbox 932 482 1175 528; x_wconf 88' lang='lat' dir='ltr'><strong>promiseris,</strong></span> <span class='ocrx_word' id='word_1_52' title='bbox 1207 480 1251 519; x_wconf 93' lang='lat' dir='ltr'><strong>id</strong></span> <span class='ocrx_word' id='word_1_53' title='bbox 1283 481 1508 520; x_wconf 91' lang='lat' dir='ltr'><strong>tenendum</strong></span> 
     </span>
     <span class='ocr_line' id='line_1_13' title="bbox 318 550 1508 602; baseline 0.003 -13"><span class='ocrx_word' id='word_1_54' title='bbox 318 556 391 589; x_wconf 88' lang='lat' dir='ltr'><strong>est.</strong></span> <span class='ocrx_word' id='word_1_55' title='bbox 453 550 539 589; x_wconf 85' lang='lat' dir='ltr'><strong>Iam</strong></span> <span class='ocrx_word' id='word_1_56' title='bbox 559 554 669 589; x_wconf 91' lang='lat' dir='ltr'><strong>enim</strong></span> <span class='ocrx_word' id='word_1_57' title='bbox 689 565 771 589; x_wconf 90' lang='lat' dir='ltr'><strong>non</strong></span> <span class='ocrx_word' id='word_1_58' title='bbox 791 551 843 590; x_wconf 88' lang='lat' dir='ltr'><strong>ad</strong></span> <span class='ocrx_word' id='word_1_59' title='bbox 863 554 963 590; x_wconf 83' lang='lat' dir='ltr'><strong>iram</strong></span> <span class='ocrx_word' id='word_1_60' title='bbox 983 551 1165 600; x_wconf 91' lang='lat' dir='ltr'><strong>deorum,</strong></span> <span class='ocrx_word' id='word_1_61' title='bbox 1181 566 1285 600; x_wconf 87' lang='lat' dir='ltr'><strong>quae</strong></span> <span class='ocrx_word' id='word_1_62' title='bbox 1305 553 1418 592; x_wconf 84' lang='lat' dir='ltr'><strong>nulla</strong></span> <span class='ocrx_word' id='word_1_63' title='bbox 1432 559 1508 602; x_wconf 89' lang='lat' dir='ltr'><strong>est,</strong></span> 
     </span>
     <span class='ocr_line' id='line_1_14' title="bbox 317 623 1508 674; baseline 0.003 -13"><span class='ocrx_word' id='word_1_64' title='bbox 317 623 391 662; x_wconf 88' lang='lat' dir='ltr'><strong>sed</strong></span> <span class='ocrx_word' id='word_1_65' title='bbox 409 623 461 661; x_wconf 89' lang='lat' dir='ltr'><strong>ad</strong></span> <span class='ocrx_word' id='word_1_66' title='bbox 488 626 685 662; x_wconf 87' lang='lat' dir='ltr'><strong>iustitiam</strong></span> <span class='ocrx_word' id='word_1_67' title='bbox 713 629 757 662; x_wconf 92' lang='lat' dir='ltr'><strong>et</strong></span> <span class='ocrx_word' id='word_1_68' title='bbox 785 624 838 662; x_wconf 88' lang='lat' dir='ltr'><strong>ad</strong></span> <span class='ocrx_word' id='word_1_69' title='bbox 865 624 987 663; x_wconf 89' lang='lat' dir='ltr'><strong>fidem</strong></span> <span class='ocrx_word' id='word_1_70' title='bbox 1014 627 1207 672; x_wconf 81' lang='lat' dir='ltr'><strong>pertinet.</strong></span> <span class='ocrx_word' id='word_1_71' title='bbox 1267 626 1374 664; x_wconf 76' lang='lat' dir='ltr'><strong>Nam</strong></span> <span class='ocrx_word' id='word_1_72' title='bbox 1393 639 1508 674; x_wconf 86' lang='lat' dir='ltr'><strong>prae-</strong></span> 
     </span>
     <span class='ocr_line' id='line_1_15' title="bbox 318 696 621 735; baseline -0.003 0"><span class='ocrx_word' id='word_1_73' title='bbox 318 696 424 735; x_wconf 89' lang='lat' dir='ltr'><strong>clare</strong></span> <span class='ocrx_word' id='word_1_74' title='bbox 444 696 621 734; x_wconf 89' lang='lat' dir='ltr'><strong>Ennius:</strong></span> 
     </span>
    </p>

    <p class='ocr_par' dir='ltr' id='par_1_5' title="bbox 312 758 1509 1032">
     <span class='ocr_line' id='line_1_16' title="bbox 367 758 1469 816; baseline 0.001 -8"><span class='ocrx_word' id='word_1_75' title='bbox 367 758 403 808; x_wconf 75' lang='lat' dir='ltr'>O</span> <span class='ocrx_word' id='word_1_76' title='bbox 425 762 546 807; x_wconf 88' lang='lat' dir='ltr'><strong>Fides</strong></span> <span class='ocrx_word' id='word_1_77' title='bbox 565 768 672 806; x_wconf 88' lang='lat' dir='ltr'><strong>alma</strong></span> <span class='ocrx_word' id='word_1_78' title='bbox 690 769 786 816; x_wconf 56' lang='lat' dir='ltr'><strong>apta</strong></span> <span class='ocrx_word' id='word_1_79' title='bbox 806 771 941 816; x_wconf 91' lang='lat' dir='ltr'>pinnis</span> <span class='ocrx_word' id='word_1_80' title='bbox 962 769 1006 808; x_wconf 74' lang='lat' dir='ltr'><strong>et</strong></span> <span class='ocrx_word' id='word_1_81' title='bbox 1025 771 1087 808; x_wconf 93' lang='lat' dir='ltr'><strong>ius</strong></span> <span class='ocrx_word' id='word_1_82' title='bbox 1107 769 1324 809; x_wconf 73' lang='lat' dir='ltr'><strong>iurandum</strong></span> <span class='ocrx_word' id='word_1_83' title='bbox 1345 770 1469 810; x_wconf 86' lang='lat' dir='ltr'><strong>Iovis!</strong></span> 
     </span>
     <span class='ocr_line' id='line_1_17' title="bbox 312 841 1508 891; baseline 0.003 -12"><span class='ocrx_word' id='word_1_84' title='bbox 312 841 394 890; x_wconf 84' lang='lat' dir='ltr'><strong>Qui</strong></span> <span class='ocrx_word' id='word_1_85' title='bbox 413 844 475 880; x_wconf 92' lang='lat' dir='ltr'><strong>ius</strong></span> <span class='ocrx_word' id='word_1_86' title='bbox 493 843 619 889; x_wconf 89' lang='lat' dir='ltr'><strong>igitur</strong></span> <span class='ocrx_word' id='word_1_87' title='bbox 638 841 852 879; x_wconf 86' lang='lat' dir='ltr'><strong>iurandum</strong></span> <span class='ocrx_word' id='word_1_88' title='bbox 872 841 1008 889; x_wconf 86' lang='lat' dir='ltr'><strong>violat,</strong></span> <span class='ocrx_word' id='word_1_89' title='bbox 1025 844 1059 880; x_wconf 91' lang='lat' dir='ltr'><strong>is</strong></span> <span class='ocrx_word' id='word_1_90' title='bbox 1075 842 1218 881; x_wconf 89' lang='lat' dir='ltr'><strong>Fidem</strong></span> <span class='ocrx_word' id='word_1_91' title='bbox 1233 843 1369 891; x_wconf 85' lang='lat' dir='ltr'><strong>violat,</strong></span> <span class='ocrx_word' id='word_1_92' title='bbox 1385 857 1508 891; x_wconf 86' lang='lat' dir='ltr'><strong>quam</strong></span> 
     </span>
     <span class='ocr_line' id='line_1_18' title="bbox 315 904 1509 964; baseline 0.001 -11"><span class='ocrx_word' id='word_1_93' title='bbox 315 918 359 953; x_wconf 88' lang='lat' dir='ltr'><strong>in</strong></span> <span class='ocrx_word' id='word_1_94' title='bbox 389 914 587 962; x_wconf 82' lang='lat' dir='ltr'><strong>Capitolio</strong></span> <span class='ocrx_word' id='word_1_95' title='bbox 611 904 637 922; x_wconf 89' lang='lat'><strong>“</strong></span> <span class='ocrx_word' id='word_1_96' title='bbox 650 917 823 952; x_wconf 86' lang='lat' dir='ltr'><strong>vicinam</strong></span> <span class='ocrx_word' id='word_1_97' title='bbox 855 913 959 953; x_wconf 90' lang='lat' dir='ltr'><strong>Iovis</strong></span> <span class='ocrx_word' id='word_1_98' title='bbox 988 917 1132 962; x_wconf 92' lang='lat' dir='ltr'><strong>optimi</strong></span> <span class='ocrx_word' id='word_1_99' title='bbox 1161 915 1365 964; x_wconf 81' lang='lat' dir='ltr'><strong>maximi,”</strong></span> <span class='ocrx_word' id='word_1_100' title='bbox 1391 921 1439 955; x_wconf 88' lang='lat' dir='ltr'><strong>ut</strong></span> <span class='ocrx_word' id='word_1_101' title='bbox 1466 919 1509 954; x_wconf 89' lang='lat' dir='ltr'><strong>in</strong></span> 
     </span>
     <span class='ocr_line' id='line_1_19' title="bbox 319 987 1473 1032; baseline 0.002 -7"><span class='ocrx_word' id='word_1_102' title='bbox 319 987 482 1025; x_wconf 84' lang='lat' dir='ltr'><strong>Catonis</strong></span> <span class='ocrx_word' id='word_1_103' title='bbox 502 989 684 1025; x_wconf 88' lang='lat' dir='ltr'><strong>oratione</strong></span> <span class='ocrx_word' id='word_1_104' title='bbox 705 991 780 1032; x_wconf 90' lang='lat' dir='ltr'><strong>est,</strong></span> <span class='ocrx_word' id='word_1_105' title='bbox 801 989 971 1025; x_wconf 88' lang='lat' dir='ltr'><strong>maiores</strong></span> <span class='ocrx_word' id='word_1_106' title='bbox 991 990 1119 1025; x_wconf 81' lang='lat' dir='ltr'><strong>nostri</strong></span> <span class='ocrx_word' id='word_1_107' title='bbox 1139 1000 1228 1026; x_wconf 90' lang='lat' dir='ltr'><strong>esse</strong></span> <span class='ocrx_word' id='word_1_108' title='bbox 1246 987 1473 1027; x_wconf 85' lang='lat' dir='ltr'><strong>voluerunt.</strong></span> 
     </span>
    </p>

    <p class='ocr_par' dir='ltr' id='par_1_6' title="bbox 314 1060 1505 1180">
     <span class='ocr_line' id='line_1_20' title="bbox 369 1060 1505 1108; baseline 0.003 -11"><span class='ocrx_word' id='word_1_109' title='bbox 369 1060 428 1098; x_wconf 90' lang='lat' dir='ltr'><strong>At</strong></span> <span class='ocrx_word' id='word_1_110' title='bbox 455 1062 564 1098; x_wconf 90' lang='lat' dir='ltr'><strong>enim</strong></span> <span class='ocrx_word' id='word_1_111' title='bbox 591 1072 644 1098; x_wconf 90' lang='lat' dir='ltr'><strong>ne</strong></span> <span class='ocrx_word' id='word_1_112' title='bbox 671 1061 796 1098; x_wconf 83' lang='lat' dir='ltr'><strong>iratus</strong></span> <span class='ocrx_word' id='word_1_113' title='bbox 824 1060 990 1107; x_wconf 89' lang='lat' dir='ltr'><strong>quidem</strong></span> <span class='ocrx_word' id='word_1_114' title='bbox 1018 1060 1204 1108; x_wconf 87' lang='lat' dir='ltr'><strong>Iuppiter</strong></span> <span class='ocrx_word' id='word_1_115' title='bbox 1229 1060 1320 1108; x_wconf 90' lang='lat' dir='ltr'><strong>plus</strong></span> <span class='ocrx_word' id='word_1_116' title='bbox 1349 1060 1505 1108; x_wconf 81' lang='lat' dir='ltr'><strong>Regulo</strong></span> 
     </span>
     <span class='ocr_line' id='line_1_21' title="bbox 314 1132 1246 1180; baseline -0.001 -9"><span class='ocrx_word' id='word_1_117' title='bbox 314 1135 530 1180; x_wconf 87' lang='lat' dir='ltr'><strong>nocuisset,</strong></span> <span class='ocrx_word' id='word_1_118' title='bbox 551 1145 672 1179; x_wconf 86' lang='lat' dir='ltr'><strong>quam</strong></span> <span class='ocrx_word' id='word_1_119' title='bbox 693 1132 768 1170; x_wconf 90' lang='lat' dir='ltr'><strong>sibi</strong></span> <span class='ocrx_word' id='word_1_120' title='bbox 788 1134 928 1170; x_wconf 89' lang='lat' dir='ltr'><strong>nocuit</strong></span> <span class='ocrx_word' id='word_1_121' title='bbox 948 1134 1034 1180; x_wconf 91' lang='lat' dir='ltr'><strong>ipse</strong></span> <span class='ocrx_word' id='word_1_122' title='bbox 1058 1132 1246 1179; x_wconf 86' lang='lat' dir='ltr'><strong>Regulus.</strong></span> 
     </span>
    </p>

    <p class='ocr_par' dir='ltr' id='par_1_7' title="bbox 310 1204 1507 1752">
     <span class='ocr_line' id='line_1_22' title="bbox 369 1204 1506 1252; baseline 0.003 -10"><span class='ocrx_word' id='word_1_123' title='bbox 369 1205 504 1252; x_wconf 85' lang='lat' dir='ltr'><strong>Certe,</strong></span> <span class='ocrx_word' id='word_1_124' title='bbox 519 1207 551 1243; x_wconf 92' lang='lat' dir='ltr'><strong>si</strong></span> <span class='ocrx_word' id='word_1_125' title='bbox 571 1204 673 1242; x_wconf 91' lang='lat' dir='ltr'><strong>nihil</strong></span> <span class='ocrx_word' id='word_1_126' title='bbox 693 1204 844 1242; x_wconf 85' lang='lat' dir='ltr'><strong>malum</strong></span> <span class='ocrx_word' id='word_1_127' title='bbox 865 1210 974 1243; x_wconf 87' lang='lat' dir='ltr'><strong>esset</strong></span> <span class='ocrx_word' id='word_1_128' title='bbox 992 1207 1069 1243; x_wconf 91' lang='lat' dir='ltr'><strong>nisi</strong></span> <span class='ocrx_word' id='word_1_129' title='bbox 1089 1205 1237 1244; x_wconf 90' lang='lat' dir='ltr'><strong>dolere.</strong></span> <span class='ocrx_word' id='word_1_130' title='bbox 1299 1205 1348 1244; x_wconf 93' lang='lat' dir='ltr'><strong>Id</strong></span> <span class='ocrx_word' id='word_1_131' title='bbox 1367 1210 1506 1245; x_wconf 83' lang='lat' dir='ltr'><strong>autem</strong></span> 
     </span>
     <span class='ocr_line' id='line_1_23' title="bbox 313 1267 1507 1324; baseline 0 -8"><span class='ocrx_word' id='word_1_132' title='bbox 313 1291 396 1316; x_wconf 91' lang='lat' dir='ltr'><strong>non</strong></span> <span class='ocrx_word' id='word_1_133' title='bbox 424 1277 545 1315; x_wconf 91' lang='lat' dir='ltr'><strong>modo</strong></span> <span class='ocrx_word' id='word_1_134' title='bbox 576 1267 719 1323; x_wconf 87' lang='lat' dir='ltr'><strong>[non]1</strong></span> <span class='ocrx_word' id='word_1_135' title='bbox 746 1291 947 1315; x_wconf 91' lang='lat' dir='ltr'><strong>summum</strong></span> <span class='ocrx_word' id='word_1_136' title='bbox 978 1277 1142 1324; x_wconf 87' lang='lat' dir='ltr'><strong>malum,</strong></span> <span class='ocrx_word' id='word_1_137' title='bbox 1171 1277 1243 1316; x_wconf 91' lang='lat' dir='ltr'><strong>sed</strong></span> <span class='ocrx_word' id='word_1_138' title='bbox 1273 1291 1326 1317; x_wconf 90' lang='lat' dir='ltr'><strong>ne</strong></span> <span class='ocrx_word' id='word_1_139' title='bbox 1355 1278 1507 1317; x_wconf 84' lang='lat' dir='ltr'><strong>malum</strong></span> 
     </span>
     <span class='ocr_line' id='line_1_24' title="bbox 313 1349 1506 1398; baseline 0.002 -10"><span class='ocrx_word' id='word_1_140' title='bbox 313 1350 478 1398; x_wconf 89' lang='lat' dir='ltr'><strong>quidem</strong></span> <span class='ocrx_word' id='word_1_141' title='bbox 494 1362 580 1388; x_wconf 89' lang='lat' dir='ltr'><strong>esse</strong></span> <span class='ocrx_word' id='word_1_142' title='bbox 595 1352 770 1387; x_wconf 85' lang='lat' dir='ltr'><strong>maxima</strong></span> <span class='ocrx_word' id='word_1_143' title='bbox 784 1352 1027 1388; x_wconf 84' lang='lat' dir='ltr'><strong>auctoritate</strong></span> <span class='ocrx_word' id='word_1_144' title='bbox 1047 1349 1276 1398; x_wconf 90' lang='lat' dir='ltr'><strong>philosophi</strong></span> <span class='ocrx_word' id='word_1_145' title='bbox 1296 1351 1506 1390; x_wconf 78' lang='lat' dir='ltr'><strong>affimant.</strong></span> 
     </span>
     <span class='ocr_line' id='line_1_25' title="bbox 314 1421 1506 1471; baseline 0.001 -10"><span class='ocrx_word' id='word_1_146' title='bbox 314 1422 497 1470; x_wconf 86' lang='lat' dir='ltr'><strong>Quorum</strong></span> <span class='ocrx_word' id='word_1_147' title='bbox 528 1421 694 1470; x_wconf 91' lang='lat' dir='ltr'><strong>quidem</strong></span> <span class='ocrx_word' id='word_1_148' title='bbox 720 1426 872 1460; x_wconf 88' lang='lat' dir='ltr'><strong>testem</strong></span> <span class='ocrx_word' id='word_1_149' title='bbox 898 1435 982 1460; x_wconf 87' lang='lat' dir='ltr'><strong>non</strong></span> <span class='ocrx_word' id='word_1_150' title='bbox 1007 1422 1269 1471; x_wconf 87' lang='lat' dir='ltr'><strong>mediocrem,</strong></span> <span class='ocrx_word' id='word_1_151' title='bbox 1299 1422 1371 1462; x_wconf 87' lang='lat' dir='ltr'><strong>sed</strong></span> <span class='ocrx_word' id='word_1_152' title='bbox 1397 1423 1506 1462; x_wconf 81' lang='lat' dir='ltr'><strong>haud</strong></span> 
     </span>
     <span class='ocr_line' id='line_1_26' title="bbox 313 1495 1504 1544; baseline 0.001 -10"><span class='ocrx_word' id='word_1_153' title='bbox 313 1499 395 1535; x_wconf 91' lang='lat' dir='ltr'><strong>scio</strong></span> <span class='ocrx_word' id='word_1_154' title='bbox 424 1509 476 1533; x_wconf 90' lang='lat' dir='ltr'><strong>an</strong></span> <span class='ocrx_word' id='word_1_155' title='bbox 505 1497 785 1542; x_wconf 82' lang='lat' dir='ltr'><strong>gravissimum</strong></span> <span class='ocrx_word' id='word_1_156' title='bbox 818 1495 1018 1542; x_wconf 85' lang='lat' dir='ltr'><strong>Regulum</strong></span> <span class='ocrx_word' id='word_1_157' title='bbox 1048 1495 1190 1542; x_wconf 89' lang='lat' dir='ltr'><strong>nolite,</strong></span> <span class='ocrx_word' id='word_1_158' title='bbox 1214 1508 1376 1544; x_wconf 78' lang='lat' dir='ltr'><strong>quaeso,</strong></span> <span class='ocrx_word' id='word_1_159' title='bbox 1400 1498 1504 1535; x_wconf 88' lang='lat' dir='ltr'><strong>vitu-</strong></span> 
     </span>
     <span class='ocr_line' id='line_1_27' title="bbox 311 1566 1502 1616; baseline 0.001 -10"><span class='ocrx_word' id='word_1_160' title='bbox 311 1581 463 1616; x_wconf 89' lang='lat' dir='ltr'><strong>perare.</strong></span> <span class='ocrx_word' id='word_1_161' title='bbox 524 1566 660 1615; x_wconf 83' lang='lat' dir='ltr'><strong>Quem</strong></span> <span class='ocrx_word' id='word_1_162' title='bbox 680 1569 790 1605; x_wconf 88' lang='lat' dir='ltr'><strong>enim</strong></span> <span class='ocrx_word' id='word_1_163' title='bbox 810 1567 1118 1614; x_wconf 89' lang='lat' dir='ltr'><strong>locupletiorem</strong></span> <span class='ocrx_word' id='word_1_164' title='bbox 1138 1570 1367 1615; x_wconf 83' lang='lat' dir='ltr'><strong>quaerimus</strong></span> <span class='ocrx_word' id='word_1_165' title='bbox 1382 1581 1502 1616; x_wconf 81' lang='lat' dir='ltr'><strong>quam</strong></span> 
     </span>
     <span class='ocr_line' id='line_1_28' title="bbox 310 1639 1503 1688; baseline 0.001 -10"><span class='ocrx_word' id='word_1_166' title='bbox 310 1643 535 1688; x_wconf 86' lang='lat' dir='ltr'><strong>principem</strong></span> <span class='ocrx_word' id='word_1_167' title='bbox 556 1639 695 1687; x_wconf 89' lang='lat' dir='ltr'><strong>populi</strong></span> <span class='ocrx_word' id='word_1_168' title='bbox 718 1639 900 1686; x_wconf 87' lang='lat' dir='ltr'><strong>Romani,</strong></span> <span class='ocrx_word' id='word_1_169' title='bbox 921 1642 990 1686; x_wconf 93' lang='lat' dir='ltr'><strong>qui</strong></span> <span class='ocrx_word' id='word_1_170' title='bbox 1010 1639 1217 1678; x_wconf 90' lang='lat' dir='ltr'><strong>retinendi</strong></span> <span class='ocrx_word' id='word_1_171' title='bbox 1241 1640 1357 1679; x_wconf 86' lang='lat' dir='ltr'><strong>officii</strong></span> <span class='ocrx_word' id='word_1_172' title='bbox 1384 1653 1503 1679; x_wconf 76' lang='lat' dir='ltr'><strong>causa</strong></span> 
     </span>
     <span class='ocr_line' id='line_1_29' title="bbox 311 1711 1036 1752; baseline -0.003 -1"><span class='ocrx_word' id='word_1_173' title='bbox 311 1716 531 1752; x_wconf 84' lang='lat' dir='ltr'><strong>cruciatum</strong></span> <span class='ocrx_word' id='word_1_174' title='bbox 552 1713 721 1751; x_wconf 89' lang='lat' dir='ltr'><strong>subierit</strong></span> <span class='ocrx_word' id='word_1_175' title='bbox 740 1711 1036 1750; x_wconf 85' lang='lat' dir='ltr'><strong>voluntarium?</strong></span> 
     </span>
    </p>

    <p class='ocr_par' dir='ltr' id='par_1_8' title="bbox 364 1774 1502 1832">
     <span class='ocr_line' id='line_1_30' title="bbox 364 1774 1502 1832; baseline 0.001 -8"><span class='ocrx_word' id='word_1_176' title='bbox 364 1786 470 1824; x_wconf 85' lang='lat' dir='ltr'><strong>Nam</strong></span> <span class='ocrx_word' id='word_1_177' title='bbox 497 1784 605 1832; x_wconf 92' lang='lat' dir='ltr'><strong>quod</strong></span> <span class='ocrx_word' id='word_1_178' title='bbox 633 1786 768 1822; x_wconf 83' lang='lat' dir='ltr'><strong>aiunt:</strong></span> <span class='ocrx_word' id='word_1_179' title='bbox 805 1774 1006 1823; x_wconf 84' lang='lat' dir='ltr'><strong>“minima</strong></span> <span class='ocrx_word' id='word_1_180' title='bbox 1032 1784 1084 1823; x_wconf 90' lang='lat' dir='ltr'><strong>de</strong></span> <span class='ocrx_word' id='word_1_181' title='bbox 1111 1784 1265 1832; x_wconf 81' lang='lat' dir='ltr'><strong>malis,’·</strong></span> <span class='ocrx_word' id='word_1_182' title='bbox 1296 1784 1339 1823; x_wconf 87' lang='lat' dir='ltr'><strong>id</strong></span> <span class='ocrx_word' id='word_1_183' title='bbox 1366 1790 1430 1824; x_wconf 89' lang='lat' dir='ltr'><strong>est</strong></span> <span class='ocrx_word' id='word_1_184' title='bbox 1455 1791 1502 1825; x_wconf 92' lang='lat' dir='ltr'><strong>ut</strong></span> 
     </span>
    </p>
   </div>
   <div class='ocr_carea' id='block_1_4' title="bbox 312 1873 1500 1953">
    <p class='ocr_par' dir='ltr' id='par_1_9' title="bbox 312 1873 1500 1953">
     <span class='ocr_line' id='line_1_31' title="bbox 312 1873 1500 1953; baseline 0 -45"><span class='ocrx_word' id='word_1_185' title='bbox 312 1875 444 1953; x_wconf 59' lang='grc' dir='ltr'>Εὲἑιοπ</span> <span class='ocrx_word' id='word_1_186' title='bbox 461 1875 558 1907; x_wconf 88' lang='lat' dir='ltr'><strong>modo</strong></span> <span class='ocrx_word' id='word_1_187' title='bbox 582 1885 652 1906; x_wconf 85' lang='lat' dir='ltr'><strong>non</strong></span> <span class='ocrx_word' id='word_1_188' title='bbox 671 1874 698 1906; x_wconf 90' lang='lat' dir='ltr'>B</span> <span class='ocrx_word' id='word_1_189' title='bbox 718 1873 751 1906; x_wconf 88' lang='lat' dir='ltr'>H</span> <span class='ocrx_word' id='word_1_190' title='bbox 769 1884 811 1912; x_wconf 82' lang='lat' dir='ltr'><strong>a;</strong></span> <span class='ocrx_word' id='word_1_191' title='bbox 829 1885 899 1906; x_wconf 84' lang='lat' dir='ltr'><strong>non</strong></span> <span class='ocrx_word' id='word_1_192' title='bbox 916 1874 1014 1906; x_wconf 86' lang='lat' dir='ltr'><strong>modo</strong></span> <span class='ocrx_word' id='word_1_193' title='bbox 1036 1884 1099 1906; x_wconf 82' lang='lat' dir='ltr'><strong>nos</strong></span> <span class='ocrx_word' id='word_1_194' title='bbox 1114 1884 1152 1913; x_wconf 67' lang='lat' dir='ltr'><strong>cg</strong></span> <span class='ocrx_word' id='word_1_195' title='bbox 1182 1884 1251 1907; x_wconf 83' lang='lat' dir='ltr'><strong>non</strong></span> <span class='ocrx_word' id='word_1_196' title='bbox 1269 1875 1366 1907; x_wconf 86' lang='lat' dir='ltr'><strong>modo</strong></span> <span class='ocrx_word' id='word_1_197' title='bbox 1384 1875 1412 1907; x_wconf 92' lang='lat' dir='ltr'><strong>L</strong></span> <span class='ocrx_word' id='word_1_198' title='bbox 1427 1885 1448 1908; x_wconf 86' lang='lat' dir='ltr'><strong>c</strong></span> <span class='ocrx_word' id='word_1_199' title='bbox 1463 1885 1500 1918; x_wconf 89' lang='lat' dir='ltr'><strong>p,</strong></span> 
     </span>
    </p>
   </div>
   <div class='ocr_carea' id='block_1_5' title="bbox 995 1985 1222 1993">
    <p class='ocr_par' dir='ltr' id='par_1_10' title="bbox 995 1985 1222 1993">
     <span class='ocr_line' id='line_1_32' title="bbox 995 1985 1222 1993; baseline 0 0"><span class='ocrx_word' id='word_1_200' title='bbox 995 1985 1222 1993; x_wconf 95' lang='lat' dir='ltr'><strong> </strong></span> 
     </span>
    </p>
   </div>
   <div class='ocr_carea' id='block_1_6' title="bbox 1224 1985 1497 1993">
    <p class='ocr_par' dir='ltr' id='par_1_11' title="bbox 1224 1985 1497 1993">
     <span class='ocr_line' id='line_1_33' title="bbox 1224 1985 1497 1993; baseline 0 301"><span class='ocrx_word' id='word_1_201' title='bbox 1224 1985 1497 1993; x_wconf 95' lang='lat' dir='ltr'><strong> </strong></span> 
     </span>
    </p>
   </div>
   <div class='ocr_carea' id='block_1_7' title="bbox 418 2036 980 2128">
    <p class='ocr_par' dir='ltr' id='par_1_12' title="bbox 418 2036 980 2128">
     <span class='ocr_line' id='line_1_34' title="bbox 729 2036 980 2069; baseline -0.004 0"><span class='ocrx_word' id='word_1_202' title='bbox 729 2040 747 2060; x_wconf 76' lang='lat'><strong>¹</strong></span> <span class='ocrx_word' id='word_1_203' title='bbox 757 2036 835 2069; x_wconf 85' lang='lat' dir='ltr'><strong>The</strong></span> <span class='ocrx_word' id='word_1_204' title='bbox 851 2036 980 2069; x_wconf 68' lang='lat' dir='ltr'><strong>Stoica.</strong></span> 
     </span>
     <span class='ocr_line' id='line_1_35' title="bbox 418 2093 496 2128; baseline 0 -1"><span class='ocrx_word' id='word_1_205' title='bbox 418 2093 496 2128; x_wconf 78' lang='lat'><strong>382</strong></span> 
     </span>
    </p>
   </div>
  </div>
 </body>
</html>
