1520 2320
196 1738 220 1778 6

44 1796 80 1820 de
92 1793 154 1820 Fin.
171 1793 208 1824 11,

548 38 748 78 CICERO
779 38 856 78 DE
885 40 1069 79 OFFICI
1073 40 1122 80 IS

310 118 363 157 ΙΙ.
397 119 479 158 Sed
498 133 590 158 cum
610 122 842 159 statuissem
862 122 1038 160 scribere
1057 122 1110 160 ad
1129 127 1173 161 te
1192 122 1346 171 aliquid
1368 123 1446 162 hoc

252 193 452 236 tempore,
471 188 601 227 multa
629 188 813 236 posthac,
832 189 884 228 ab
905 202 953 228 eo
979 190 1102 228 ordiri
1124 193 1300 229 maxime
1323 191 1446 238 volui,

253 255 362 303 quod
390 261 434 294 et
459 259 586 294 aetati
607 262 703 295 tuae
731 262 840 296 esset
865 260 1119 305 aptissimum
1145 263 1189 297 et
1214 261 1447 297 auctoritati

253 337 380 362 meae.
426 325 533 362 Nam
553 338 646 362 cum
664 325 795 363 multa
813 328 896 364 sint
915 328 956 363 in
977 325 1231 374 philosophia
1250 331 1294 365 et
1312 329 1447 374 gravia

254 394 298 427 et
317 389 432 427 utilia
451 394 638 427 accurate
658 392 899 437 copioseque
918 403 942 427 a
960 390 1209 438 philosophis
1229 391 1447 438 disputata,

252 453 447 491 latissime
474 458 614 500 patere
634 453 827 492 videntur
850 467 911 502 ea,
931 467 1035 501 quae
1059 454 1112 493 de
1138 455 1274 493 officiis
1297 454 1447 493 tradita

252 518 304 555 ab
333 517 412 555 illis
442 523 485 555 et
514 523 733 565 praecepta
761 524 867 556 sunt.
928 518 1052 556 Nulla
1081 521 1191 557 enim
1219 521 1327 558 vitae
1354 532 1445 567 pars

252 594 387 629 neque
402 581 574 629 publicis
589 595 723 629 neque
738 585 903 630 privatis
922 596 1057 630 neque
1072 582 1299 622 forensibus
1313 596 1447 630 neque

253 645 485 684 domesticis
501 649 543 683 in
559 647 693 693 rebus,
706 659 840 693 neque
861 650 894 684 si
913 652 1052 685 tecum
1071 660 1166 694 agas
1186 647 1298 695 quid,
1313 660 1447 695 neque

253 713 286 748 si
306 723 399 748 cum
419 710 548 764 altero
569 710 797 758 contrahas,
818 724 959 749 vacare
989 712 1117 749 officio
1147 716 1298 759 potest,
1318 714 1361 749 in
1381 725 1449 750 eo-

252 787 332 822 que
349 779 392 813 et
411 774 583 812 colendo
598 778 676 813 sita
690 777 798 813 vitae
814 780 877 813 est
896 775 1087 814 honestas
1100 778 1230 814 omnis
1246 780 1290 814 et
1307 775 1449 823 negle-

251 831 411 886 gendo1
432 838 654 886 turpitudo.

307 903 446 950 Atque
461 902 562 941 haec
575 903 741 950 quidem
756 906 939 950 quaestio
954 906 1177 942 communis
1191 909 1254 942 est
1269 909 1449 942 omnium

251 966 603 1015 philosophorum3
633 970 721 1015 quis
742 973 805 1005 est
825 970 947 1015 enim,
968 970 1037 1015 qui
1057 967 1178 1006 nullis
1197 968 1314 1006 officii
1333 981 1448 1016 prae-

253 1034 383 1080 ceptis
403 1031 613 1070 tradendis
633 1031 927 1079 philosophum·
940 1045 983 1070 se
1003 1031 1153 1070 audeat
1173 1032 1335 1071 dicere?
1365 1032 1446 1071 Sed

252 1101 349 1135 sunt
368 1109 449 1134 non
470 1095 606 1133 nullae
627 1095 877 1143 disciplinae,
893 1109 996 1143 quae
1016 1099 1230 1144 propositis
1250 1097 1446 1134 bonorum

253 1166 296 1199 et
314 1160 512 1198 malorum
532 1159 678 1198 finibus
698 1160 870 1197 officium
892 1173 1012 1198 omne
1033 1165 1280 1207 pervertant.
1340 1161 1447 1198 Nam

252 1227 322 1272 qui
337 1237 539 1263 summum
554 1224 706 1262 bonum
721 1226 777 1262 sic
792 1226 983 1270 instituit,
999 1229 1047 1262 ut
1066 1223 1168 1262 nihil
1187 1223 1337 1262 habeat
1356 1237 1447 1262 cum

252 1292 404 1327 virtute
425 1291 700 1334 coniunctum,
721 1287 844 1335 idque
865 1290 945 1326 suis
965 1288 1199 1335 commodis,
1219 1301 1302 1326 non
1321 1288 1447 1326 hone-

252 1358 358 1392 state
385 1355 568 1399 metitur,
588 1352 668 1398 hic,
690 1354 723 1390 si
746 1353 822 1390 sibi
842 1355 929 1399 ipse
950 1355 1180 1390 consentiat
1206 1357 1250 1390 et
1276 1365 1358 1390 non
1385 1355 1445 1390 in-

250 1417 415 1456 terdum
444 1421 614 1455 naturae
643 1417 827 1455 bonitate
848 1418 1033 1454 vincatur
1066 1428 1200 1463 neque
1226 1419 1444 1454 amicitiam

252 1481 385 1520 colere
413 1484 539 1528 possit
565 1494 642 1519 nec
663 1483 859 1518 iustitiam
887 1493 964 1518 nec
990 1479 1299 1526 liberalitatem3
1328 1479 1444 1518 fortis

250 1559 346 1584 vero
358 1545 539 1583 dolorem
552 1557 753 1583 summum
767 1544 919 1582 malum
935 1544 1116 1582 iudicans
1127 1549 1199 1582 aut
1213 1549 1446 1591 temperans

250 1610 503 1657 voluptatem
517 1621 719 1647 summum
738 1609 889 1646 bonum
904 1613 1088 1646 statuens
1100 1621 1187 1647 esse
1203 1613 1315 1646 certe
1334 1607 1447 1646 nullo

250 1674 372 1712 modo
391 1678 539 1721 potest.

308 1738 424 1785 Quae
445 1750 689 1785 quamquam
709 1740 767 1775 ita
787 1742 883 1775 sunt
906 1739 948 1774 in
975 1741 1179 1784 promptu,
1199 1741 1247 1774 ut
1273 1748 1337 1774 res
1364 1736 1443 1775 dis-

44 1828 78 1854 12
90 1828 226 1858 affuso.
248 1805 460 1850 putatione
489 1815 573 1839 non
603 1806 737 1848 egeat,
758 1806 898 1839 tamen
927 1805 1023 1839 sunt
1050 1813 1074 1837 a
1102 1800 1217 1838 nobis
1246 1800 1326 1838 alio
1354 1799 1442 1838 loco

43 1862 124 1894 Disp.
138 1860 229 1892 1v-V;

42 1895 147 1957 ἱὶῗ701ἲ.
162 1894 217 1926 111,

250 1867 466 1914 disputata.
502 1866 594 1903 Hae
610 1865 847 1912 disciplinae
861 1867 987 1912 igitur
1001 1867 1033 1902 si
1054 1865 1129 1902 sibi
1145 1868 1441 1902 consentaneae

313 1969 326 1989 ²
336 1972 373 2002 et
386 1968 596 2011 neglegendo
613 1967 645 2000 A
660 1967 693 1999 H
712 1978 735 2000 a
751 1967 787 2007 b,
807 1966 917 2005 Edd.;
933 1969 969 1999 et
983 1966 1024 2000 in
1039 1966 1250 2009 neglegendo
1268 1966 1295 1998 B
1310 1977 1340 2000 c.

349 2019 374 2059 6
