<?xml version="1.0" encoding="UTF-8"?>
<!DOCTYPE html PUBLIC "-//W3C//DTD XHTML 1.0 Transitional//EN"
    "http://www.w3.org/TR/xhtml1/DTD/xhtml1-transitional.dtd">
<html xmlns="http://www.w3.org/1999/xhtml" xml:lang="en" lang="en">
 <head>
  <title>
</title>
<meta http-equiv="Content-Type" content="text/html;charset=utf-8" />
  <meta name='ocr-system' content='tesseract 3.04.00' />
  <meta name='ocr-capabilities' content='ocr_page ocr_carea ocr_par ocr_line ocrx_word'/>
</head>
<body>
  <div class='ocr_page' id='page_1' title='image "./deofficiiswithen00ciceuoft_0023.png"; bbox 0 0 1442 2326; ppageno 0'>
   <div class='ocr_carea' id='block_1_1' title="bbox 468 94 893 134">
    <p class='ocr_par' dir='ltr' id='par_1_1' title="bbox 468 94 893 134">
     <span class='ocr_line' id='line_1_1' title="bbox 468 94 893 134; baseline -0.009 -1"><span class='ocrx_word' id='word_1_1' title='bbox 468 94 893 134; x_wconf 87' lang='lat' dir='ltr'><strong>BIBLIOGRAPHY</strong></span> 
     </span>
    </p>
   </div>
   <div class='ocr_carea' id='block_1_2' title="bbox 89 173 1286 1891">
    <p class='ocr_par' dir='ltr' id='par_1_2' title="bbox 89 173 1273 445">
     <span class='ocr_line' id='line_1_2' title="bbox 89 173 1271 219; baseline -0.008 0"><span class='ocrx_word' id='word_1_2' title='bbox 89 182 241 219; x_wconf 78' lang='lat' dir='ltr'><strong>Holden</strong></span> <span class='ocrx_word' id='word_1_3' title='bbox 252 194 264 217; x_wconf 96' lang='grc'><strong>.·</strong></span> <span class='ocrx_word' id='word_1_4' title='bbox 287 185 342 216; x_wconf 92' lang='lat' dir='ltr'><strong>M.</strong></span> <span class='ocrx_word' id='word_1_5' title='bbox 365 178 487 215; x_wconf 84' lang='lat' dir='ltr'><strong>Tullii</strong></span> <span class='ocrx_word' id='word_1_6' title='bbox 503 177 704 214; x_wconf 84' lang='lat' dir='ltr'><strong>Ciceronis</strong></span> <span class='ocrx_word' id='word_1_7' title='bbox 720 175 771 213; x_wconf 89' lang='lat' dir='ltr'><strong>de</strong></span> <span class='ocrx_word' id='word_1_8' title='bbox 789 174 939 212; x_wconf 86' lang='lat' dir='ltr'><strong>Officiis</strong></span> <span class='ocrx_word' id='word_1_9' title='bbox 953 174 1045 211; x_wconf 84' lang='lat' dir='ltr'><strong>libri</strong></span> <span class='ocrx_word' id='word_1_10' title='bbox 1060 178 1157 219; x_wconf 87' lang='lat' dir='ltr'><strong>tres,</strong></span> <span class='ocrx_word' id='word_1_11' title='bbox 1173 173 1271 210; x_wconf 88' lang='lat' dir='ltr'><strong>with</strong></span> 
     </span>
     <span class='ocr_line' id='line_1_3' title="bbox 199 229 1271 279; baseline -0.007 -6"><span class='ocrx_word' id='word_1_12' title='bbox 199 235 493 279; x_wconf 78' lang='lat' dir='ltr'><strong>Introduction,</strong></span> <span class='ocrx_word' id='word_1_13' title='bbox 534 231 720 278; x_wconf 87' lang='lat' dir='ltr'><strong>Analysis</strong></span> <span class='ocrx_word' id='word_1_14' title='bbox 767 230 848 267; x_wconf 88' lang='lat' dir='ltr'><strong>and</strong></span> <span class='ocrx_word' id='word_1_15' title='bbox 897 230 1182 275; x_wconf 88' lang='lat' dir='ltr'><strong>Commentary</strong></span> <span class='ocrx_word' id='word_1_16' title='bbox 1221 229 1271 275; x_wconf 90' lang='lat' dir='ltr'><strong>by</strong></span> 
     </span>
     <span class='ocr_line' id='line_1_4' title="bbox 200 284 1272 328; baseline -0.007 0"><span class='ocrx_word' id='word_1_17' title='bbox 200 291 383 328; x_wconf 86' lang='lat' dir='ltr'><strong>Herbert</strong></span> <span class='ocrx_word' id='word_1_18' title='bbox 402 289 563 327; x_wconf 85' lang='lat' dir='ltr'><strong>Ashton</strong></span> <span class='ocrx_word' id='word_1_19' title='bbox 584 287 762 324; x_wconf 88' lang='lat' dir='ltr'><strong>Holden.</strong></span> <span class='ocrx_word' id='word_1_20' title='bbox 824 285 897 326; x_wconf 88' lang='lat' dir='ltr'><strong>7th</strong></span> <span class='ocrx_word' id='word_1_21' title='bbox 918 285 1096 323; x_wconf 91' lang='lat' dir='ltr'><strong>Edition.</strong></span> <span class='ocrx_word' id='word_1_22' title='bbox 1157 284 1272 322; x_wconf 89' lang='lat' dir='ltr'><strong>Cam-</strong></span> 
     </span>
     <span class='ocr_line' id='line_1_5' title="bbox 199 340 1273 392; baseline -0.007 -7"><span class='ocrx_word' id='word_1_23' title='bbox 199 346 356 392; x_wconf 88' lang='lat' dir='ltr'><strong>bridge,</strong></span> <span class='ocrx_word' id='word_1_24' title='bbox 379 348 496 388; x_wconf 89' lang='lat'>1891.</span> <span class='ocrx_word' id='word_1_25' title='bbox 556 343 615 380; x_wconf 95' lang='lat' dir='ltr'><strong>To</strong></span> <span class='ocrx_word' id='word_1_26' title='bbox 635 342 697 380; x_wconf 89' lang='lat' dir='ltr'><strong>his</strong></span> <span class='ocrx_word' id='word_1_27' title='bbox 721 341 795 379; x_wconf 88' lang='lat' dir='ltr'><strong>full</strong></span> <span class='ocrx_word' id='word_1_28' title='bbox 818 346 935 379; x_wconf 89' lang='lat' dir='ltr'><strong>notes</strong></span> <span class='ocrx_word' id='word_1_29' title='bbox 959 341 1032 378; x_wconf 92' lang='lat' dir='ltr'><strong>the</strong></span> <span class='ocrx_word' id='word_1_30' title='bbox 1057 340 1273 378; x_wconf 84' lang='lat' dir='ltr'><strong>translator</strong></span> 
     </span>
     <span class='ocr_line' id='line_1_6' title="bbox 200 396 1118 445; baseline -0.008 -5"><span class='ocrx_word' id='word_1_31' title='bbox 200 406 232 440; x_wconf 90' lang='lat' dir='ltr'><strong>is</strong></span> <span class='ocrx_word' id='word_1_32' title='bbox 252 400 450 439; x_wconf 89' lang='lat' dir='ltr'><strong>indebted</strong></span> <span class='ocrx_word' id='word_1_33' title='bbox 469 400 531 437; x_wconf 88' lang='lat' dir='ltr'><strong>for</strong></span> <span class='ocrx_word' id='word_1_34' title='bbox 549 412 670 445; x_wconf 84' lang='lat' dir='ltr'><strong>many</strong></span> <span class='ocrx_word' id='word_1_35' title='bbox 690 412 713 435; x_wconf 86' lang='lat' dir='ltr'><strong>a</strong></span> <span class='ocrx_word' id='word_1_36' title='bbox 733 397 843 434; x_wconf 91' lang='lat' dir='ltr'><strong>word</strong></span> <span class='ocrx_word' id='word_1_37' title='bbox 862 397 943 434; x_wconf 90' lang='lat' dir='ltr'><strong>and</strong></span> <span class='ocrx_word' id='word_1_38' title='bbox 963 396 1118 443; x_wconf 80' lang='lat' dir='ltr'><strong>phrase.</strong></span> 
     </span>
    </p>

    <p class='ocr_par' dir='ltr' id='par_1_3' title="bbox 93 454 1272 615">
     <span class='ocr_line' id='line_1_7' title="bbox 93 454 1272 499; baseline -0.005 -3"><span class='ocrx_word' id='word_1_39' title='bbox 93 459 229 496; x_wconf 77' lang='lat' dir='ltr'><strong>Klotz:</strong></span> <span class='ocrx_word' id='word_1_40' title='bbox 252 458 307 495; x_wconf 95' lang='lat' dir='ltr'><strong>M.</strong></span> <span class='ocrx_word' id='word_1_41' title='bbox 330 456 451 494; x_wconf 88' lang='lat' dir='ltr'><strong>Tullii</strong></span> <span class='ocrx_word' id='word_1_42' title='bbox 483 456 685 493; x_wconf 86' lang='lat' dir='ltr'><strong>Ciceronis</strong></span> <span class='ocrx_word' id='word_1_43' title='bbox 717 454 874 499; x_wconf 84' lang='lat' dir='ltr'><strong>Scripta</strong></span> <span class='ocrx_word' id='word_1_44' title='bbox 905 466 1007 499; x_wconf 91' lang='lat' dir='ltr'><strong>quae</strong></span> <span class='ocrx_word' id='word_1_45' title='bbox 1038 456 1272 490; x_wconf 74' lang='lat' dir='ltr'><strong>manserunt</strong></span> 
     </span>
     <span class='ocr_line' id='line_1_8' title="bbox 201 507 1272 556; baseline -0.006 -6"><span class='ocrx_word' id='word_1_46' title='bbox 201 516 344 550; x_wconf 90' lang='lat' dir='ltr'><strong>omnia.</strong></span> <span class='ocrx_word' id='word_1_47' title='bbox 393 513 642 556; x_wconf 83' lang='lat' dir='ltr'><strong>Recognovit</strong></span> <span class='ocrx_word' id='word_1_48' title='bbox 664 508 911 547; x_wconf 83' lang='lat' dir='ltr'><strong>Reinholdus</strong></span> <span class='ocrx_word' id='word_1_49' title='bbox 934 508 1064 545; x_wconf 88' lang='lat' dir='ltr'><strong>Klotz.</strong></span> <span class='ocrx_word' id='word_1_50' title='bbox 1102 507 1272 555; x_wconf 69' lang='lat' dir='ltr'><strong>Lipsiae,</strong></span> 
     </span>
     <span class='ocr_line' id='line_1_9' title="bbox 205 566 610 615; baseline -0.01 -9"><span class='ocrx_word' id='word_1_51' title='bbox 205 570 398 615; x_wconf 85' lang='lat'>1850-57,</span> <span class='ocrx_word' id='word_1_52' title='bbox 420 566 610 609; x_wconf 80' lang='lat'><strong>1869-74.</strong></span> 
     </span>
    </p>

    <p class='ocr_par' dir='ltr' id='par_1_4' title="bbox 91 622 1275 830">
     <span class='ocr_line' id='line_1_10' title="bbox 91 622 1274 667; baseline -0.006 -4"><span class='ocrx_word' id='word_1_53' title='bbox 91 624 317 664; x_wconf 80' lang='lat' dir='ltr'><strong>Lambinus:</strong></span> <span class='ocrx_word' id='word_1_54' title='bbox 347 623 402 661; x_wconf 92' lang='lat' dir='ltr'><strong>M.</strong></span> <span class='ocrx_word' id='word_1_55' title='bbox 425 623 548 660; x_wconf 90' lang='lat' dir='ltr'><strong>Tullii</strong></span> <span class='ocrx_word' id='word_1_56' title='bbox 568 622 769 659; x_wconf 87' lang='lat' dir='ltr'><strong>Ciceronis</strong></span> <span class='ocrx_word' id='word_1_57' title='bbox 789 633 910 667; x_wconf 87' lang='lat' dir='ltr'><strong>opera</strong></span> <span class='ocrx_word' id='word_1_58' title='bbox 929 622 1063 656; x_wconf 87' lang='lat' dir='ltr'><strong>omnia</strong></span> <span class='ocrx_word' id='word_1_59' title='bbox 1082 632 1185 666; x_wconf 88' lang='lat' dir='ltr'><strong>quae</strong></span> <span class='ocrx_word' id='word_1_60' title='bbox 1206 632 1274 657; x_wconf 84' lang='lat' dir='ltr'><strong>ex-</strong></span> 
     </span>
     <span class='ocr_line' id='line_1_11' title="bbox 202 675 1275 726; baseline -0.007 -8"><span class='ocrx_word' id='word_1_61' title='bbox 202 685 305 726; x_wconf 84' lang='lat' dir='ltr'><strong>tant,</strong></span> <span class='ocrx_word' id='word_1_62' title='bbox 336 693 360 716; x_wconf 91' lang='lat' dir='ltr'><strong>a</strong></span> <span class='ocrx_word' id='word_1_63' title='bbox 391 679 440 716; x_wconf 94' lang='lat' dir='ltr'><strong>D.</strong></span> <span class='ocrx_word' id='word_1_64' title='bbox 476 678 673 715; x_wconf 88' lang='lat' dir='ltr'><strong>Lambino</strong></span> <span class='ocrx_word' id='word_1_65' title='bbox 705 705 712 714; x_wconf 94' lang='lat'><strong>.</strong></span> <span class='ocrx_word' id='word_1_66' title='bbox 741 706 748 714; x_wconf 91' lang='lat'><strong>.</strong></span> <span class='ocrx_word' id='word_1_67' title='bbox 777 705 785 713; x_wconf 95' lang='lat'><strong>.</strong></span> <span class='ocrx_word' id='word_1_68' title='bbox 820 688 870 713; x_wconf 88' lang='lat' dir='ltr'><strong>ex</strong></span> <span class='ocrx_word' id='word_1_69' title='bbox 901 675 1104 713; x_wconf 86' lang='lat' dir='ltr'><strong>codicibus</strong></span> <span class='ocrx_word' id='word_1_70' title='bbox 1134 689 1275 712; x_wconf 91' lang='lat' dir='ltr'><strong>manu-</strong></span> 
     </span>
     <span class='ocr_line' id='line_1_12' title="bbox 202 731 1275 782; baseline -0.005 -9"><span class='ocrx_word' id='word_1_71' title='bbox 202 737 360 782; x_wconf 83' lang='lat' dir='ltr'><strong>scriptis</strong></span> <span class='ocrx_word' id='word_1_72' title='bbox 398 734 614 772; x_wconf 80' lang='lat' dir='ltr'><strong>emendata</strong></span> <span class='ocrx_word' id='word_1_73' title='bbox 662 737 705 770; x_wconf 90' lang='lat' dir='ltr'><strong>et</strong></span> <span class='ocrx_word' id='word_1_74' title='bbox 748 737 867 769; x_wconf 87' lang='lat' dir='ltr'><strong>aucta</strong></span> <span class='ocrx_word' id='word_1_75' title='bbox 898 761 906 769; x_wconf 90' lang='lat'><strong>.</strong></span> <span class='ocrx_word' id='word_1_76' title='bbox 937 760 946 769; x_wconf 88' lang='lat'><strong>.</strong></span> <span class='ocrx_word' id='word_1_77' title='bbox 974 760 982 769; x_wconf 97' lang='lat'><strong>.</strong></span> <span class='ocrx_word' id='word_1_78' title='bbox 1072 731 1275 775; x_wconf 76' lang='lat' dir='ltr'><strong>Lutetiae,</strong></span> 
     </span>
     <span class='ocr_line' id='line_1_13' title="bbox 209 789 396 830; baseline -0.005 -2"><span class='ocrx_word' id='word_1_79' title='bbox 209 789 396 830; x_wconf 79' lang='lat'><strong>1566-84.</strong></span> 
     </span>
    </p>

    <p class='ocr_par' dir='ltr' id='par_1_5' title="bbox 94 842 1278 1168">
     <span class='ocr_line' id='line_1_14' title="bbox 94 842 1277 894; baseline -0.005 -9"><span class='ocrx_word' id='word_1_80' title='bbox 94 847 247 894; x_wconf 83' lang='lat' dir='ltr'><strong>Lange:</strong></span> <span class='ocrx_word' id='word_1_81' title='bbox 271 847 325 884; x_wconf 92' lang='lat' dir='ltr'><strong>M.</strong></span> <span class='ocrx_word' id='word_1_82' title='bbox 349 845 470 883; x_wconf 90' lang='lat' dir='ltr'><strong>Tullii</strong></span> <span class='ocrx_word' id='word_1_83' title='bbox 492 845 694 882; x_wconf 91' lang='lat' dir='ltr'><strong>Ciceronis</strong></span> <span class='ocrx_word' id='word_1_84' title='bbox 714 843 766 881; x_wconf 89' lang='lat' dir='ltr'><strong>de</strong></span> <span class='ocrx_word' id='word_1_85' title='bbox 787 843 937 881; x_wconf 89' lang='lat' dir='ltr'><strong>Officiis</strong></span> <span class='ocrx_word' id='word_1_86' title='bbox 958 843 1025 880; x_wconf 91' lang='lat' dir='ltr'><strong>lib.</strong></span> <span class='ocrx_word' id='word_1_87' title='bbox 1051 842 1126 880; x_wconf 91' lang='lat' dir='ltr'><strong>III.</strong></span> <span class='ocrx_word' id='word_1_88' title='bbox 1178 843 1277 880; x_wconf 85' lang='lat' dir='ltr'><strong>Cato</strong></span> 
     </span>
     <span class='ocr_line' id='line_1_15' title="bbox 209 898 1277 948; baseline -0.004 -9"><span class='ocrx_word' id='word_1_89' title='bbox 209 902 338 948; x_wconf 88' lang='lat' dir='ltr'><strong>Major</strong></span> <span class='ocrx_word' id='word_1_90' title='bbox 354 901 417 939; x_wconf 93' lang='lat' dir='ltr'><strong>vel</strong></span> <span class='ocrx_word' id='word_1_91' title='bbox 432 900 484 938; x_wconf 93' lang='lat' dir='ltr'><strong>de</strong></span> <span class='ocrx_word' id='word_1_92' title='bbox 500 900 722 939; x_wconf 84' lang='lat' dir='ltr'><strong>Senectute</strong></span> <span class='ocrx_word' id='word_1_93' title='bbox 743 928 750 936; x_wconf 92' lang='lat'><strong>.</strong></span> <span class='ocrx_word' id='word_1_94' title='bbox 775 928 784 936; x_wconf 89' lang='lat'><strong>.</strong></span> <span class='ocrx_word' id='word_1_95' title='bbox 808 928 816 936; x_wconf 91' lang='lat'><strong>.</strong></span> <span class='ocrx_word' id='word_1_96' title='bbox 841 898 1000 936; x_wconf 89' lang='lat' dir='ltr'><strong>Laelius</strong></span> <span class='ocrx_word' id='word_1_97' title='bbox 1016 898 1080 936; x_wconf 90' lang='lat' dir='ltr'><strong>vel</strong></span> <span class='ocrx_word' id='word_1_98' title='bbox 1097 898 1148 936; x_wconf 90' lang='lat' dir='ltr'><strong>de</strong></span> <span class='ocrx_word' id='word_1_99' title='bbox 1164 899 1277 935; x_wconf 86' lang='lat' dir='ltr'><strong>Ami-</strong></span> 
     </span>
     <span class='ocr_line' id='line_1_16' title="bbox 207 954 1276 1000; baseline -0.004 -5"><span class='ocrx_word' id='word_1_100' title='bbox 207 961 331 995; x_wconf 88' lang='lat' dir='ltr'><strong>citia.</strong></span> <span class='ocrx_word' id='word_1_101' title='bbox 360 986 369 994; x_wconf 90' lang='lat'><strong>.</strong></span> <span class='ocrx_word' id='word_1_102' title='bbox 397 986 405 995; x_wconf 93' lang='lat'><strong>.</strong></span> <span class='ocrx_word' id='word_1_103' title='bbox 449 956 653 993; x_wconf 84' lang='lat' dir='ltr'><strong>Paradoxa</strong></span> <span class='ocrx_word' id='word_1_104' title='bbox 687 956 913 993; x_wconf 89' lang='lat' dir='ltr'><strong>Stoicorum</strong></span> <span class='ocrx_word' id='word_1_105' title='bbox 950 967 1032 1000; x_wconf 87' lang='lat' dir='ltr'><strong>sex,</strong></span> <span class='ocrx_word' id='word_1_106' title='bbox 1069 954 1276 992; x_wconf 86' lang='lat' dir='ltr'><strong>Somnium</strong></span> 
     </span>
     <span class='ocr_line' id='line_1_17' title="bbox 208 1010 1276 1060; baseline -0.003 -9"><span class='ocrx_word' id='word_1_107' title='bbox 208 1014 404 1060; x_wconf 89' lang='lat' dir='ltr'><strong>Scipionis</strong></span> <span class='ocrx_word' id='word_1_108' title='bbox 435 1041 443 1049; x_wconf 95' lang='lat'><strong>.</strong></span> <span class='ocrx_word' id='word_1_109' title='bbox 472 1041 480 1049; x_wconf 91' lang='lat'><strong>.</strong></span> <span class='ocrx_word' id='word_1_110' title='bbox 508 1041 516 1049; x_wconf 92' lang='lat'><strong>.</strong></span> <span class='ocrx_word' id='word_1_111' title='bbox 553 1024 675 1058; x_wconf 90' lang='lat' dir='ltr'><strong>opera</strong></span> <span class='ocrx_word' id='word_1_112' title='bbox 708 1011 749 1048; x_wconf 89' lang='lat' dir='ltr'><strong>C.</strong></span> <span class='ocrx_word' id='word_1_113' title='bbox 787 1010 932 1056; x_wconf 87' lang='lat' dir='ltr'><strong>Langii</strong></span> <span class='ocrx_word' id='word_1_114' title='bbox 965 1013 1163 1056; x_wconf 86' lang='lat' dir='ltr'><strong>recogniti</strong></span> <span class='ocrx_word' id='word_1_115' title='bbox 1195 1039 1202 1047; x_wconf 93' lang='lat'><strong>.</strong></span> <span class='ocrx_word' id='word_1_116' title='bbox 1231 1040 1239 1048; x_wconf 92' lang='lat'><strong>.</strong></span> <span class='ocrx_word' id='word_1_117' title='bbox 1267 1039 1276 1048; x_wconf 90' lang='lat'><strong>.</strong></span> 
     </span>
     <span class='ocr_line' id='line_1_18' title="bbox 209 1066 1278 1116; baseline -0.005 -9"><span class='ocrx_word' id='word_1_118' title='bbox 209 1068 391 1116; x_wconf 89' lang='lat' dir='ltr'><strong>ejusdem</strong></span> <span class='ocrx_word' id='word_1_119' title='bbox 411 1070 453 1104; x_wconf 90' lang='lat' dir='ltr'><strong>in</strong></span> <span class='ocrx_word' id='word_1_120' title='bbox 472 1067 593 1104; x_wconf 90' lang='lat' dir='ltr'><strong>hosce</strong></span> <span class='ocrx_word' id='word_1_121' title='bbox 614 1096 622 1104; x_wconf 95' lang='lat'><strong>.</strong></span> <span class='ocrx_word' id='word_1_122' title='bbox 647 1095 655 1104; x_wconf 92' lang='lat'><strong>.</strong></span> <span class='ocrx_word' id='word_1_123' title='bbox 679 1095 687 1103; x_wconf 94' lang='lat'><strong>.</strong></span> <span class='ocrx_word' id='word_1_124' title='bbox 711 1066 832 1103; x_wconf 90' lang='lat' dir='ltr'><strong>libros</strong></span> <span class='ocrx_word' id='word_1_125' title='bbox 852 1068 1144 1103; x_wconf 88' lang='lat' dir='ltr'><strong>annotationes.</strong></span> <span class='ocrx_word' id='word_1_126' title='bbox 1178 1066 1278 1103; x_wconf 89' lang='lat' dir='ltr'><strong>Cum</strong></span> 
     </span>
     <span class='ocr_line' id='line_1_19' title="bbox 208 1121 1277 1168; baseline -0.002 -7"><span class='ocrx_word' id='word_1_127' title='bbox 208 1124 535 1162; x_wconf 83' lang='lat' dir='ltr'><strong>annotationibus</strong></span> <span class='ocrx_word' id='word_1_128' title='bbox 545 1122 585 1160; x_wconf 91' lang='lat' dir='ltr'><strong>P.</strong></span> <span class='ocrx_word' id='word_1_129' title='bbox 598 1122 785 1168; x_wconf 87' lang='lat' dir='ltr'><strong>Manutii,</strong></span> <span class='ocrx_word' id='word_1_130' title='bbox 795 1126 871 1159; x_wconf 91' lang='lat' dir='ltr'><strong>etc.</strong></span> <span class='ocrx_word' id='word_1_131' title='bbox 886 1121 1148 1168; x_wconf 88' lang='lat' dir='ltr'><strong>Antverpiae,</strong></span> <span class='ocrx_word' id='word_1_132' title='bbox 1161 1121 1277 1160; x_wconf 80' lang='lat'><strong>1568.</strong></span> 
     </span>
    </p>

    <p class='ocr_par' dir='ltr' id='par_1_6' title="bbox 99 1177 1281 1337">
     <span class='ocr_line' id='line_1_20' title="bbox 99 1177 1281 1218; baseline -0.003 -1"><span class='ocrx_word' id='word_1_133' title='bbox 99 1180 232 1218; x_wconf 82' lang='lat' dir='ltr'><strong>Lund:</strong></span> <span class='ocrx_word' id='word_1_134' title='bbox 270 1179 333 1216; x_wconf 90' lang='lat' dir='ltr'><strong>De</strong></span> <span class='ocrx_word' id='word_1_135' title='bbox 368 1178 631 1217; x_wconf 89' lang='lat' dir='ltr'><strong>emendandis</strong></span> <span class='ocrx_word' id='word_1_136' title='bbox 666 1178 867 1215; x_wconf 88' lang='lat' dir='ltr'><strong>Ciceronis</strong></span> <span class='ocrx_word' id='word_1_137' title='bbox 899 1177 1011 1214; x_wconf 88' lang='lat' dir='ltr'><strong>libris</strong></span> <span class='ocrx_word' id='word_1_138' title='bbox 1044 1177 1096 1214; x_wconf 92' lang='lat' dir='ltr'><strong>de</strong></span> <span class='ocrx_word' id='word_1_139' title='bbox 1131 1178 1281 1215; x_wconf 86' lang='lat' dir='ltr'><strong>Officiis</strong></span> 
     </span>
     <span class='ocr_line' id='line_1_21' title="bbox 208 1233 1279 1279; baseline -0.002 -6"><span class='ocrx_word' id='word_1_140' title='bbox 208 1236 506 1273; x_wconf 86' lang='lat' dir='ltr'><strong>observationes</strong></span> <span class='ocrx_word' id='word_1_141' title='bbox 526 1236 698 1271; x_wconf 87' lang='lat' dir='ltr'><strong>criticae.</strong></span> <span class='ocrx_word' id='word_1_142' title='bbox 750 1233 918 1279; x_wconf 88' lang='lat' dir='ltr'><strong>Scripsit</strong></span> <span class='ocrx_word' id='word_1_143' title='bbox 939 1233 986 1270; x_wconf 89' lang='lat' dir='ltr'><strong>G.</strong></span> <span class='ocrx_word' id='word_1_144' title='bbox 1011 1233 1052 1270; x_wconf 92' lang='lat' dir='ltr'><strong>F.</strong></span> <span class='ocrx_word' id='word_1_145' title='bbox 1076 1233 1124 1270; x_wconf 90' lang='lat' dir='ltr'><strong>G.</strong></span> <span class='ocrx_word' id='word_1_146' title='bbox 1150 1233 1279 1271; x_wconf 88' lang='lat' dir='ltr'><strong>Lund.</strong></span> 
     </span>
     <span class='ocr_line' id='line_1_22' title="bbox 213 1290 644 1337; baseline -0.005 -9"><span class='ocrx_word' id='word_1_147' title='bbox 213 1290 505 1337; x_wconf 86' lang='lat' dir='ltr'><strong>Kopenhagen,</strong></span> <span class='ocrx_word' id='word_1_148' title='bbox 530 1293 644 1327; x_wconf 82' lang='lat'><strong>1848.</strong></span> 
     </span>
    </p>

    <p class='ocr_par' dir='ltr' id='par_1_7' title="bbox 99 1344 1283 1384">
     <span class='ocr_line' id='line_1_23' title="bbox 99 1344 1283 1384; baseline -0.001 -1"><span class='ocrx_word' id='word_1_149' title='bbox 99 1345 318 1384; x_wconf 74' lang='lat' dir='ltr'><strong>Manutius.-</strong></span> <span class='ocrx_word' id='word_1_150' title='bbox 348 1346 403 1383; x_wconf 92' lang='lat' dir='ltr'><strong>M.</strong></span> <span class='ocrx_word' id='word_1_151' title='bbox 426 1345 548 1382; x_wconf 92' lang='lat' dir='ltr'><strong>Tullii</strong></span> <span class='ocrx_word' id='word_1_152' title='bbox 575 1345 777 1382; x_wconf 86' lang='lat' dir='ltr'><strong>Ciceronis</strong></span> <span class='ocrx_word' id='word_1_153' title='bbox 805 1344 1035 1382; x_wconf 85' lang='lat' dir='ltr'><strong>Officiorum</strong></span> <span class='ocrx_word' id='word_1_154' title='bbox 1062 1344 1154 1381; x_wconf 93' lang='lat' dir='ltr'><strong>libri</strong></span> <span class='ocrx_word' id='word_1_155' title='bbox 1180 1349 1283 1382; x_wconf 87' lang='lat' dir='ltr'><strong>tres:</strong></span> 
     </span>
    </p>

    <p class='ocr_par' dir='ltr' id='par_1_8' title="bbox 91 1399 1285 1613">
     <span class='ocr_line' id='line_1_24' title="bbox 91 1399 1283 1447; baseline -0.003 -8"><span class='ocrx_word' id='word_1_156' title='bbox 91 1400 95 1404; x_wconf 74' lang='grc'><strong>’</strong></span> <span class='ocrx_word' id='word_1_157' title='bbox 212 1402 310 1439; x_wconf 85' lang='lat' dir='ltr'><strong>Cato</strong></span> <span class='ocrx_word' id='word_1_158' title='bbox 332 1401 472 1447; x_wconf 85' lang='lat' dir='ltr'><strong>Maior,</strong></span> <span class='ocrx_word' id='word_1_159' title='bbox 493 1400 557 1438; x_wconf 90' lang='lat' dir='ltr'><strong>vel</strong></span> <span class='ocrx_word' id='word_1_160' title='bbox 584 1400 636 1438; x_wconf 90' lang='lat' dir='ltr'><strong>de</strong></span> <span class='ocrx_word' id='word_1_161' title='bbox 663 1400 905 1438; x_wconf 84' lang='lat' dir='ltr'><strong>Senectute:</strong></span> <span class='ocrx_word' id='word_1_162' title='bbox 939 1399 1112 1446; x_wconf 84' lang='lat' dir='ltr'><strong>Laelius,</strong></span> <span class='ocrx_word' id='word_1_163' title='bbox 1140 1400 1203 1437; x_wconf 89' lang='lat' dir='ltr'><strong>vel</strong></span> <span class='ocrx_word' id='word_1_164' title='bbox 1232 1400 1283 1438; x_wconf 87' lang='lat' dir='ltr'><strong>de</strong></span> 
     </span>
     <span class='ocr_line' id='line_1_25' title="bbox 213 1455 1284 1494; baseline 0 -1"><span class='ocrx_word' id='word_1_165' title='bbox 213 1456 422 1494; x_wconf 88' lang='lat' dir='ltr'><strong>Amicitia:</strong></span> <span class='ocrx_word' id='word_1_166' title='bbox 456 1456 658 1493; x_wconf 86' lang='lat' dir='ltr'><strong>Paradoxa</strong></span> <span class='ocrx_word' id='word_1_167' title='bbox 684 1455 909 1493; x_wconf 87' lang='lat' dir='ltr'><strong>Stoicorum</strong></span> <span class='ocrx_word' id='word_1_168' title='bbox 941 1468 1010 1492; x_wconf 88' lang='lat' dir='ltr'><strong>sex</strong></span> <span class='ocrx_word' id='word_1_169' title='bbox 1032 1485 1039 1493; x_wconf 93' lang='lat'><strong>.</strong></span> <span class='ocrx_word' id='word_1_170' title='bbox 1063 1485 1071 1493; x_wconf 94' lang='lat'><strong>.</strong></span> <span class='ocrx_word' id='word_1_171' title='bbox 1095 1485 1103 1493; x_wconf 92' lang='lat'><strong>.</strong></span> <span class='ocrx_word' id='word_1_172' title='bbox 1122 1456 1284 1493; x_wconf 85' lang='lat' dir='ltr'><strong>additae</strong></span> 
     </span>
     <span class='ocr_line' id='line_1_26' title="bbox 216 1502 1285 1558; baseline -0.002 -8"><span class='ocrx_word' id='word_1_173' title='bbox 216 1517 310 1550; x_wconf 90' lang='lat' dir='ltr'><strong>sunt</strong></span> <span class='ocrx_word' id='word_1_174' title='bbox 330 1541 338 1549; x_wconf 90' lang='lat'><strong>.</strong></span> <span class='ocrx_word' id='word_1_175' title='bbox 362 1541 370 1549; x_wconf 93' lang='lat'><strong>.</strong></span> <span class='ocrx_word' id='word_1_176' title='bbox 394 1541 402 1549; x_wconf 97' lang='lat'><strong>.</strong></span> <span class='ocrx_word' id='word_1_177' title='bbox 425 1515 555 1549; x_wconf 91' lang='lat' dir='ltr'><strong>variae</strong></span> <span class='ocrx_word' id='word_1_178' title='bbox 574 1511 781 1548; x_wconf 89' lang='lat' dir='ltr'><strong>lectiones.</strong></span> <span class='ocrx_word' id='word_1_179' title='bbox 812 1502 983 1555; x_wconf 82' lang='lat' dir='ltr'><strong>(Edited</strong></span> <span class='ocrx_word' id='word_1_180' title='bbox 1002 1511 1055 1558; x_wconf 85' lang='lat' dir='ltr'><strong>by</strong></span> <span class='ocrx_word' id='word_1_181' title='bbox 1077 1511 1117 1549; x_wconf 91' lang='lat' dir='ltr'><strong>P.</strong></span> <span class='ocrx_word' id='word_1_182' title='bbox 1142 1512 1285 1549; x_wconf 89' lang='lat' dir='ltr'><strong>Manu-</strong></span> 
     </span>
     <span class='ocr_line' id='line_1_27' title="bbox 218 1559 1016 1613; baseline -0.003 -9"><span class='ocrx_word' id='word_1_183' title='bbox 218 1559 310 1613; x_wconf 90' lang='lat' dir='ltr'><strong>zio.)</strong></span> <span class='ocrx_word' id='word_1_184' title='bbox 368 1567 408 1604; x_wconf 92' lang='lat' dir='ltr'><strong>P.</strong></span> <span class='ocrx_word' id='word_1_185' title='bbox 432 1567 659 1604; x_wconf 89' lang='lat' dir='ltr'><strong>Manutius:</strong></span> <span class='ocrx_word' id='word_1_186' title='bbox 681 1566 876 1612; x_wconf 86' lang='lat' dir='ltr'><strong>Venetiis,</strong></span> <span class='ocrx_word' id='word_1_187' title='bbox 902 1571 1016 1603; x_wconf 78' lang='lat'><strong>1541.</strong></span> 
     </span>
    </p>

    <p class='ocr_par' dir='ltr' id='par_1_9' title="bbox 108 1621 1286 1780">
     <span class='ocr_line' id='line_1_28' title="bbox 108 1621 1286 1668; baseline 0 -8"><span class='ocrx_word' id='word_1_188' title='bbox 108 1623 262 1668; x_wconf 71' lang='lat' dir='ltr'><strong>Miller,</strong></span> <span class='ocrx_word' id='word_1_189' title='bbox 292 1622 331 1660; x_wconf 90' lang='lat' dir='ltr'><strong>C.</strong></span> <span class='ocrx_word' id='word_1_190' title='bbox 365 1623 408 1660; x_wconf 89' lang='lat' dir='ltr'><strong>F.</strong></span> <span class='ocrx_word' id='word_1_191' title='bbox 451 1623 532 1660; x_wconf 88' lang='lat' dir='ltr'><strong>W..-</strong></span> <span class='ocrx_word' id='word_1_192' title='bbox 570 1623 625 1660; x_wconf 94' lang='lat' dir='ltr'><strong>M.</strong></span> <span class='ocrx_word' id='word_1_193' title='bbox 659 1621 781 1659; x_wconf 89' lang='lat' dir='ltr'><strong>Tullii</strong></span> <span class='ocrx_word' id='word_1_194' title='bbox 815 1622 1016 1659; x_wconf 90' lang='lat' dir='ltr'><strong>Ciceronis</strong></span> <span class='ocrx_word' id='word_1_195' title='bbox 1050 1621 1101 1659; x_wconf 91' lang='lat' dir='ltr'><strong>de</strong></span> <span class='ocrx_word' id='word_1_196' title='bbox 1137 1623 1286 1660; x_wconf 88' lang='lat' dir='ltr'><strong>Officiis</strong></span> 
     </span>
     <span class='ocr_line' id='line_1_29' title="bbox 218 1677 1284 1723; baseline 0 -8"><span class='ocrx_word' id='word_1_197' title='bbox 218 1679 308 1715; x_wconf 90' lang='lat' dir='ltr'><strong>libri</strong></span> <span class='ocrx_word' id='word_1_198' title='bbox 357 1678 431 1715; x_wconf 96' lang='lat' dir='ltr'><strong>III.</strong></span> <span class='ocrx_word' id='word_1_199' title='bbox 492 1678 572 1715; x_wconf 84' lang='lat' dir='ltr'><strong>Fiir</strong></span> <span class='ocrx_word' id='word_1_200' title='bbox 618 1677 699 1715; x_wconf 87' lang='lat' dir='ltr'><strong>den</strong></span> <span class='ocrx_word' id='word_1_201' title='bbox 748 1677 1076 1723; x_wconf 85' lang='lat' dir='ltr'><strong>Schulgebrauch</strong></span> <span class='ocrx_word' id='word_1_202' title='bbox 1122 1678 1284 1715; x_wconf 75' lang='lat' dir='ltr'><strong>erklart.</strong></span> 
     </span>
     <span class='ocr_line' id='line_1_30' title="bbox 219 1734 535 1780; baseline -0.003 -9"><span class='ocrx_word' id='word_1_203' title='bbox 219 1734 396 1780; x_wconf 87' lang='lat' dir='ltr'><strong>Leipzig,</strong></span> <span class='ocrx_word' id='word_1_204' title='bbox 420 1737 535 1770; x_wconf 76' lang='lat'><strong>1882.</strong></span> 
     </span>
    </p>

    <p class='ocr_par' dir='ltr' id='par_1_10' title="bbox 106 1788 1286 1891">
     <span class='ocr_line' id='line_1_31' title="bbox 106 1788 1284 1827; baseline 0 0"><span class='ocrx_word' id='word_1_205' title='bbox 106 1789 300 1827; x_wconf 80' lang='lat' dir='ltr'><strong>Muretus:</strong></span> <span class='ocrx_word' id='word_1_206' title='bbox 331 1789 385 1826; x_wconf 95' lang='lat' dir='ltr'><strong>M.</strong></span> <span class='ocrx_word' id='word_1_207' title='bbox 415 1789 570 1826; x_wconf 91' lang='lat' dir='ltr'><strong>Antoni</strong></span> <span class='ocrx_word' id='word_1_208' title='bbox 601 1789 754 1825; x_wconf 89' lang='lat' dir='ltr'><strong>Mureti</strong></span> <span class='ocrx_word' id='word_1_209' title='bbox 781 1788 941 1826; x_wconf 88' lang='lat' dir='ltr'><strong>Scholia</strong></span> <span class='ocrx_word' id='word_1_210' title='bbox 971 1791 1012 1825; x_wconf 93' lang='lat' dir='ltr'><strong>in</strong></span> <span class='ocrx_word' id='word_1_211' title='bbox 1041 1789 1119 1826; x_wconf 89' lang='lat' dir='ltr'><strong>Cic.</strong></span> <span class='ocrx_word' id='word_1_212' title='bbox 1150 1789 1284 1827; x_wconf 84' lang='lat' dir='ltr'><strong>officia.</strong></span> 
     </span>
     <span class='ocr_line' id='line_1_32' title="bbox 218 1843 1286 1891; baseline 0 -9"><span class='ocrx_word' id='word_1_213' title='bbox 218 1845 370 1882; x_wconf 88' lang='lat' dir='ltr'><strong>Mureti</strong></span> <span class='ocrx_word' id='word_1_214' title='bbox 390 1857 511 1891; x_wconf 87' lang='lat' dir='ltr'><strong>opera</strong></span> <span class='ocrx_word' id='word_1_215' title='bbox 531 1844 593 1881; x_wconf 92' lang='lat' dir='ltr'><strong>ed.</strong></span> <span class='ocrx_word' id='word_1_216' title='bbox 620 1843 833 1881; x_wconf 87' lang='lat' dir='ltr'><strong>Ruhnken.</strong></span> <span class='ocrx_word' id='word_1_217' title='bbox 890 1844 1018 1890; x_wconf 86' lang='lat' dir='ltr'><strong>Lugd.</strong></span> <span class='ocrx_word' id='word_1_218' title='bbox 1043 1844 1145 1891; x_wconf 70' lang='lat' dir='ltr'><strong>Bat,</strong></span> <span class='ocrx_word' id='word_1_219' title='bbox 1170 1848 1286 1888; x_wconf 87' lang='lat'><strong>1879.</strong></span> 
     </span>
    </p>
   </div>
   <div class='ocr_carea' id='block_1_3' title="bbox 107 1895 1290 2055">
    <p class='ocr_par' dir='ltr' id='par_1_11' title="bbox 107 1895 1290 2055">
     <span class='ocr_line' id='line_1_33' title="bbox 110 1895 1290 2050; baseline 0.001 -113"><span class='ocrx_word' id='word_1_220' title='bbox 110 1899 250 1938; x_wconf 79' lang='lat' dir='ltr'><strong>Orelli:</strong></span> <span class='ocrx_word' id='word_1_221' title='bbox 281 1895 376 2050; x_wconf 76' lang='lat' dir='ltr'><strong>}M.</strong></span> <span class='ocrx_word' id='word_1_222' title='bbox 403 1900 525 1937; x_wconf 91' lang='lat' dir='ltr'><strong>Tullii</strong></span> <span class='ocrx_word' id='word_1_223' title='bbox 557 1900 758 1937; x_wconf 91' lang='lat' dir='ltr'><strong>Ciceronis</strong></span> <span class='ocrx_word' id='word_1_224' title='bbox 789 1912 911 1946; x_wconf 90' lang='lat' dir='ltr'><strong>opera</strong></span> <span class='ocrx_word' id='word_1_225' title='bbox 941 1912 1043 1945; x_wconf 91' lang='lat' dir='ltr'><strong>quae</strong></span> <span class='ocrx_word' id='word_1_226' title='bbox 1075 1906 1290 1947; x_wconf 89' lang='lat' dir='ltr'><strong>supersunt</strong></span> 
     </span>
     <span class='ocr_line' id='line_1_34' title="bbox 107 1954 1286 2001; baseline 0.002 -9"><span class='ocrx_word' id='word_1_227' title='bbox 107 1955 262 1993; x_wconf 70' lang='lat' dir='ltr'><strong>Baiter.-</strong></span> <span class='ocrx_word' id='word_1_228' title='bbox 375 1958 522 2001; x_wconf 84' lang='lat' dir='ltr'><strong>omnia,</strong></span> <span class='ocrx_word' id='word_1_229' title='bbox 549 1968 594 1992; x_wconf 92' lang='lat' dir='ltr'><strong>ac</strong></span> <span class='ocrx_word' id='word_1_230' title='bbox 626 1954 929 2001; x_wconf 79' lang='lat' dir='ltr'><strong>deperditorum</strong></span> <span class='ocrx_word' id='word_1_231' title='bbox 961 1954 1188 2000; x_wconf 80' lang='lat' dir='ltr'><strong>fragmenta</strong></span> <span class='ocrx_word' id='word_1_232' title='bbox 1210 1986 1217 1994; x_wconf 94' lang='lat'><strong>.</strong></span> <span class='ocrx_word' id='word_1_233' title='bbox 1246 1986 1254 1994; x_wconf 96' lang='lat'><strong>.</strong></span> <span class='ocrx_word' id='word_1_234' title='bbox 1278 1985 1286 1994; x_wconf 92' lang='lat'><strong>.</strong></span> 
     </span>
     <span class='ocr_line' id='line_1_35' title="bbox 110 2002 1289 2055; baseline 0.003 -8"><span class='ocrx_word' id='word_1_235' title='bbox 110 2011 229 2048; x_wconf 85' lang='lat' dir='ltr'><strong>Halm</strong></span> <span class='ocrx_word' id='word_1_236' title='bbox 241 2025 252 2047; x_wconf 89' lang='lat'><em>:</em></span> <span class='ocrx_word' id='word_1_237' title='bbox 376 2011 517 2048; x_wconf 88' lang='lat' dir='ltr'><strong>Edidit</strong></span> <span class='ocrx_word' id='word_1_238' title='bbox 536 2011 573 2049; x_wconf 87' lang='lat' dir='ltr'><strong>J.</strong></span> <span class='ocrx_word' id='word_1_239' title='bbox 598 2011 638 2048; x_wconf 93' lang='lat' dir='ltr'><strong>C.</strong></span> <span class='ocrx_word' id='word_1_240' title='bbox 663 2010 839 2048; x_wconf 89' lang='lat' dir='ltr'><strong>Orellius</strong></span> <span class='ocrx_word' id='word_1_241' title='bbox 854 2002 929 2055; x_wconf 91' lang='lat' dir='ltr'><strong>(M.</strong></span> <span class='ocrx_word' id='word_1_242' title='bbox 949 2011 1070 2048; x_wconf 93' lang='lat' dir='ltr'><strong>Tullii</strong></span> <span class='ocrx_word' id='word_1_243' title='bbox 1087 2012 1289 2050; x_wconf 88' lang='lat' dir='ltr'><strong>Ciceronis</strong></span> 
     </span>
    </p>
   </div>
   <div class='ocr_carea' id='block_1_4' title="bbox 1129 2080 1182 2106">
    <p class='ocr_par' dir='ltr' id='par_1_12' title="bbox 1129 2080 1182 2106">
     <span class='ocr_line' id='line_1_36' title="bbox 1129 2080 1182 2106; baseline 0 0"><span class='ocrx_word' id='word_1_244' title='bbox 1129 2080 1182 2106; x_wconf 74' lang='lat' dir='ltr'><strong>XV</strong></span> 
     </span>
    </p>
   </div>
  </div>
 </body>
</html>
