1546 2294
211 564 259 600 51

589 90 790 129 CICERO
820 89 898 128 DE
927 88 1163 130 OFFICIIS

295 172 580 218 hendendum;
609 171 753 210 modus
768 177 908 211 tamen
923 171 1038 210 adsit.
1073 172 1175 210 Duri
1190 174 1300 210 enim
1314 171 1488 210 hominis

293 237 360 276 vel
398 240 532 285 potius
566 239 631 275 vix
670 236 844 275 hominis
883 235 1046 274 videtur
1082 235 1308 283 periculum
1345 237 1489 283 capitis

293 301 444 340 inferre
476 301 625 339 multis.
687 300 736 339 Id
767 314 859 339 cum
890 299 1160 348 periculosum
1190 302 1267 348 ipsi
1297 303 1374 347 est,
1400 304 1489 338 tum

294 369 419 405 etiam
439 366 646 404 sordidum
664 364 718 404 ad
743 364 905 412 famam,
927 367 1196 412 committere,
1216 369 1264 403 ut
1282 369 1491 404 accusator

293 434 525 476 nominere3
559 429 668 478 quod
697 432 872 476 contigit
902 429 958 467 M.
992 429 1119 468 Bruto
1148 441 1306 467 summo
1333 441 1487 478 genere

293 501 403 542 nato,
419 495 526 534 illius
542 495 636 541 filio,
653 497 722 541 qui
742 496 838 532 iuris
853 493 981 532 civilis
1001 495 1044 531 in
1064 495 1203 541 primis
1222 495 1376 541 peritus
1395 492 1484 531 fuit.

349 560 488 607 Atque
528 562 653 598 etiam
695 558 772 596 hoc
810 562 1075 606 praeceptum
1113 558 1230 596 officii
1267 557 1488 605 diligenter

293 624 520 663 tenendum
541 628 616 670 est,
632 637 685 662 ne
706 636 828 670 quem
847 635 1039 669 umquam
1059 624 1321 660 innocentem
1340 621 1488 660 iudicio

292 691 435 736 capitis
473 700 670 733 arcessas3
710 687 753 726 id
791 689 900 725 enim
939 689 1026 725 sine
1065 685 1218 724 scelere
1257 685 1343 724 fieri
1375 685 1488 724 nullo

291 758 411 802 pacto
430 757 578 801 potest.
639 751 745 790 Nam
765 751 863 799 quid
887 755 952 790 est
977 755 1061 789 tam
1081 750 1347 789 inhumanum
1366 763 1486 798 quam

294 818 570 865 eloquentiam
602 830 626 854 a
656 821 801 854 natura
831 815 883 854 ad
914 814 1088 854 salutem
1121 814 1331 853 hominum
1361 819 1406 854 et
1437 815 1488 854 ad

293 884 643 921 conservationem
662 880 800 919 datam
827 879 879 918 ad
909 880 1108 918 bonorum
1133 883 1293 926 pestem
1315 881 1488 926 pernici—

294 960 442 994 emque
462 945 725 984 convertere?
784 944 872 983 Nec
898 949 1051 991 tamen,
1071 948 1119 982 ut
1143 943 1220 982 hoc
1245 942 1485 990 fugiendum

293 1016 369 1059 est,
381 1014 482 1050 item
495 1015 558 1049 est
573 1009 807 1048 habendum
822 1008 1009 1055 religioni
1024 1013 1242 1047 nocentem
1256 1007 1482 1056 aliquando,

293 1075 414 1114 modo
433 1088 487 1113 ne
506 1066 721 1113 nefarium¹
743 1076 1006 1120 impiumque,
1028 1071 1272 1117 defendere3
1301 1071 1389 1110 vult
1406 1071 1484 1111 hoc

293 1134 528 1182 multitudo,
544 1136 697 1182 patitur
717 1132 981 1179 consuetudo,
997 1131 1079 1170 fert
1098 1134 1222 1170 etiam
1240 1131 1481 1170 humanitas.

297 1195 446 1233 Iudicis
461 1198 525 1232 est
543 1206 704 1240 semper
718 1195 760 1230 in
781 1194 908 1230 causis
923 1204 1063 1230 verum
1083 1194 1210 1239 sequi,
1225 1193 1383 1239 patroni
1403 1204 1486 1229 non

295 1266 517 1301 numquam
554 1255 639 1291 veri
681 1251 826 1299 simile,
864 1253 1022 1289 etiamsi
1063 1253 1196 1289 minus
1238 1253 1293 1289 sit
1334 1263 1488 1296 verum,

296 1313 543 1359 defendere3
572 1311 681 1359 quod
707 1311 895 1357 scribere,
916 1312 1154 1358 praesertim
1174 1323 1267 1348 cum
1286 1309 1338 1348 de
1358 1309 1488 1357 philo-

298 1373 439 1421 sophia
467 1372 698 1418 scriberem,
722 1383 804 1408 non
833 1369 1039 1417 auderem,
1066 1371 1143 1407 nisi
1173 1369 1284 1408 idem
1309 1368 1491 1416 placeret

297 1435 530 1481 gravissimo
554 1431 793 1477 Stoicorum,
819 1429 1021 1467 Panaetio.
1083 1429 1260 1467 Maxime
1284 1433 1422 1467 autem
1446 1434 1490 1468 et

297 1493 426 1541 gloria
451 1494 605 1539 paritur
630 1495 674 1529 et
695 1492 826 1538 gratia
851 1488 1168 1535 defensionibus,
1189 1501 1318 1536 eoque
1349 1490 1486 1536 maior,

299 1556 331 1592 si
362 1551 524 1600 quando
554 1550 714 1597 accidit,
746 1554 793 1588 ut
827 1551 865 1587 ei
897 1549 1172 1595 subveniatur,
1203 1550 1273 1596 qui
1306 1550 1486 1595 potentis

297 1612 463 1650 alicuius
489 1611 631 1658 opibus
656 1610 935 1647 circumveniri
961 1609 1204 1654 urguerique
1224 1607 1421 1653 videatur,
1441 1610 1488 1644 ut

298 1685 371 1710 nos
397 1676 442 1709 et
471 1682 592 1717 saepe
617 1668 714 1707 alias
741 1673 785 1706 et
810 1667 1093 1706 adulescentes
1113 1671 1253 1705 contra
1284 1666 1328 1704 L.
1351 1665 1487 1705 Sullae

343 1752 455 1784 ¹modo
475 1762 520 1783 ne
536 1750 718 1792 nefarium
743 1749 771 1781 L
786 1759 817 1787 e,
838 1748 947 1787 Edd.;
964 1748 1062 1780 modo
1083 1747 1266 1791 nefarium
1289 1747 1442 1786 Nonius;
1458 1750 1493 1780 et

300 1796 483 1838 nefarium
498 1795 525 1827 B
546 1794 578 1826 H
594 1805 616 1826 a
630 1794 663 1826 b.

342 1905 359 1924 ³
373 1898 403 1930 A
421 1897 588 1940 “capital
609 1895 773 1937 charge”
791 1898 913 1927 meant
932 1898 971 1926 to
990 1894 1051 1926 the
1077 1893 1218 1926 Roman
1235 1904 1258 1925 a
1275 1891 1413 1934 charge
1429 1903 1489 1924 en-

297 1942 506 1983 dangering
526 1951 549 1973 a
571 1940 733 1982 person's
749 1942 867 1981 caput,
884 1949 925 1970 οι·
948 1937 1027 1970 civil
1052 1941 1181 1969 status.
1233 1936 1264 1968 A
1286 1937 1484 1969 conviction

296 1999 341 2020 on
359 1986 446 2019 such
463 1997 486 2017 a
502 1985 638 2026 charge
655 1983 811 2015 resulted
835 1983 867 2014 in
891 1982 945 2014 his
967 1981 1048 2013 civil
1066 1980 1309 2024 degradation
1331 1979 1405 2012 and
1423 1980 1485 2013 the

296 2033 370 2064 loss
387 2030 427 2062 of
439 2029 494 2061 his
511 2028 704 2071 privileges
720 2038 763 2060 as
778 2038 801 2059 a
820 2026 961 2058 Roman
978 2025 1118 2058 citizen.

405 2085 485 2119 220
