1546 2294
234 298 283 332 12

228 896 278 931 13

225 1670 274 1704 14

606 92 808 134 CICERO
839 95 915 133 DE
944 96 1181 138 OFFICIIS

311 177 414 214 utiie
441 188 530 214 esse
554 181 772 215 censerent
796 190 872 215 nec
899 177 1001 216 utile
1028 181 1256 228 quicquam,
1287 182 1393 229 quod
1421 196 1502 222 ,ιοῐι

312 234 542 273 honestum.

369 294 527 342 Quodsi
546 297 580 333 is
601 300 709 334 esset
737 295 967 344 Panaetius,
987 300 1056 345 qui
1077 301 1270 338 virtutem
1290 306 1506 349 propterea

313 353 525 392 colendam
555 354 724 402 diceret,
751 355 859 402 quod
890 369 939 395 ea
968 357 1143 396 efficiens
1169 359 1358 399 utilitatis
1383 367 1504 410 esset,

312 418 360 451 ut
378 416 419 460 ii,
440 416 509 461 qui
530 427 594 452 res
614 415 866 462 expetendas
881 415 945 454 vel
966 416 1175 464 voluptate
1195 418 1259 457 vel
1279 419 1504 460 indolentia

312 476 552 520 metiuntur,
592 473 737 512 liceret
774 476 813 513 ei
851 474 987 514 dicere
1025 476 1248 516 utilitatem
1285 478 1502 527 aliquando

311 546 404 571 cum
424 533 639 572 honestate
660 547 863 581 pugnare;
884 534 956 573 sed
976 549 1068 573 cum
1087 539 1140 574 sit
1159 539 1205 584 is,
1221 540 1290 585 qui
1309 538 1352 576 id
1371 538 1500 578 solum

310 593 462 631 bonum
482 593 649 640 iudicet,
669 593 777 641 quod
803 593 1022 633 honestum
1041 597 1107 643 sit,
1126 610 1230 644 quae
1248 603 1387 636 autem
1406 598 1501 638 huic

310 657 545 700 repugnent
582 656 717 701 specie
756 653 929 701 quadam
960 654 1163 703 utilitatis,
1195 669 1334 695 eorum
1364 671 1499 706 neque

308 715 538 751 accessione
581 713 791 751 meliorem
833 716 959 752 vitam
1006 714 1093 753 fieri
1138 729 1217 754 nec
1264 716 1499 758 decessione

309 774 503 820 peiorem,
523 786 607 811 non
638 773 800 811 videtur
830 773 1018 813 debuisse
1045 778 1131 814 eius
1161 775 1272 815 modi
1300 776 1500 817 delibera-

308 834 464 870 tionem
497 832 769 880 introducere,
800 835 844 870 in
877 846 969 881 qua,
999 834 1109 881 quod
1146 835 1249 874 utile
1279 836 1499 886 videretur,

309 906 401 930 cum
422 905 484 939 eo,
504 892 613 939 quod
632 892 851 931 honestum
872 898 947 940 est,
968 900 1278 942 compararetur.
1331 896 1496 937 Etenim

308 952 417 999 quod
437 965 638 990 summum
658 952 809 990 bonum
824 966 848 990 a
868 953 1012 992 Stoicis
1027 953 1189 1002 dicitur,
1204 959 1498 996 convenienter

307 1017 476 1050 naturae
491 1014 640 1059 vivere,
654 1011 697 1050 id
716 1011 842 1050 habet
861 1011 978 1059 hanc,
995 1017 1042 1051 ut
1056 1016 1211 1062 opinor,
1226 1018 1495 1057 sententiam:

308 1085 400 1109 cum
427 1074 577 1109 virtute
604 1085 828 1118 congruere
858 1085 1031 1119 semper,
1052 1077 1189 1111 cetera
1218 1079 1369 1123 autem,
1389 1086 1493 1123 quae

307 1131 531 1170 secundum
562 1136 748 1169 naturam
779 1136 931 1178 essent,
950 1134 1008 1170 ita
1038 1132 1190 1180 legere,
1211 1136 1243 1172 si
1274 1147 1323 1172 ea
1352 1137 1493 1174 virtuti

307 1204 390 1228 non
408 1195 695 1237 repugnarent.
756 1190 876 1237 Quod
896 1204 987 1229 cum
1007 1194 1064 1230 ita
1083 1194 1149 1239 sit,
1163 1197 1312 1239 putant
1329 1194 1494 1241 quidam

308 1249 413 1288 hanc
452 1253 794 1297 comparationem
829 1263 910 1287 non
949 1256 1061 1289 recte
1099 1252 1386 1300 introductam,
1417 1266 1495 1292 nec

307 1312 474 1347 omnino
489 1309 541 1347 de
554 1322 603 1347 eo
614 1322 767 1355 genere
784 1312 1002 1356 quicquam
1015 1311 1345 1358 praecipiendum
1358 1312 1492 1352 fuisse.

364 1360 523 1416 Atque¹
566 1368 667 1407 illud
706 1369 872 1416 quidem
914 1369 1145 1418 honestum,
1180 1370 1289 1417 quod
1333 1375 1494 1420 proprie

306 1441 482 1475 vereque
503 1428 664 1475 dicitur,
683 1427 725 1466 id
756 1429 1075 1476 insapientibus
1102 1434 1166 1468 est
1191 1430 1284 1468 solis
1311 1444 1445 1479 neque
1471 1445 1495 1471 a

306 1491 458 1526 virtute
478 1487 617 1526 divelli
640 1489 829 1535 umquam
858 1493 1015 1535 potest;
1043 1491 1086 1526 in
1106 1491 1153 1527 iis
1172 1494 1324 1538 autem,
1343 1492 1386 1528 in
1405 1493 1492 1538 qui-

306 1547 380 1586 bus
413 1550 614 1595 sapientia
650 1547 833 1595 perfecta
871 1561 952 1586 non
992 1553 1068 1595 est,
1102 1546 1233 1596 ipsu'm
1267 1549 1369 1588 illud
1402 1553 1490 1598 qui·

305 1607 400 1645 dem
448 1607 675 1654 perfectum
723 1606 939 1645 honestum
986 1608 1100 1652 nullo
1137 1608 1271 1655 modo,
1304 1609 1490 1649 similitu-

304 1666 421 1705 dines
451 1666 611 1704 honesti
641 1679 728 1704 esse
758 1671 937 1713 possunt.
998 1662 1115 1706 Haec
1145 1670 1254 1706 enim
1277 1668 1416 1716 officia,
1436 1669 1490 1709 de

303 1726 448 1773 quibus
468 1725 529 1763 his
549 1725 660 1763 libris
681 1725 945 1773 disputamus,
962 1727 1097 1765 media
1116 1727 1242 1766 Stoici
1260 1727 1490 1776 appellant3

301 1798 350 1824 ea
373 1788 601 1824 communia
628 1790 724 1823 sunt
750 1790 794 1823 et
825 1785 906 1823 late
934 1791 1099 1833 patent;
1133 1800 1237 1834 quae
1264 1791 1309 1826 et
1337 1789 1490 1835 ingenii

304 1883 479 1960 Βίξίὲτίιὶε
512 1883 632 1924 MSS„
668 1883 751 1923 Bt.¹,
788 1883 926 1923 Miiller,
962 1883 1104 1924 Heine3
1135 1885 1244 1928 atqui
1265 1885 1487 1927 Fleckeisen,

710 2038 804 2070 aSee
822 2043 905 2070 note
921 2049 965 2070 on
985 2038 1012 2078 1,
1028 2039 1060 2071 8.

406 2094 487 2129 280
