1546 2294
252 733 304 773 26

245 1904 294 1942 27

627 142 827 181 CICERO
858 143 935 181 DE
964 143 1201 184 OFFICIIS

331 226 375 261 in
396 223 615 263 solitudine
636 238 718 263 non
733 224 854 280 modo
874 227 962 263 sine
978 225 1070 264 ullis
1085 226 1295 274 molestiis,
1309 227 1382 266 sed
1399 230 1526 266 etiam

335 299 378 335 in
397 299 582 335 maximis
597 297 874 345 voluptatibus
890 298 1170 338 abundantem
1186 300 1373 339 omnibus
1389 302 1528 348 copiis,

334 374 381 408 ut
401 369 577 408 excellas
598 372 722 409 etiam
743 370 1049 418 pulchritudine
1072 377 1115 411 et
1130 373 1291 411 viribus.

391 442 590 490 Quocirca
610 446 765 491 optimo
792 447 962 492 quisque
990 449 1034 483 et
1061 445 1389 493 splendidissimo
1412 449 1527 493 inge·

334 518 402 554 nio
440 515 564 563 longe
602 516 714 554 illam
753 519 878 554 vitam
917 516 1011 555 huic
1050 520 1276 567 anteponit.
1349 518 1410 557 Ex
1449 531 1530 566 quo

335 588 506 626 efficitur
555 588 764 627 hominem
814 594 983 628 naturae
1034 590 1323 630 oboedientem
1372 590 1527 630 homini

333 671 482 700 nocere
502 675 585 699 non
606 675 733 709 posse.

392 733 569 781 Deinde,
597 737 666 781 qui
693 734 867 773 alterum
887 735 1024 782 violat,
1053 741 1099 774 ut
1126 739 1212 784 ipse
1239 736 1392 784 aliquid
1419 750 1526 775 com-

335 807 445 846 modi
466 812 750 854 consequatur,
770 812 841 845 aut
861 807 963 845 nihil
985 811 1193 847 existimat
1213 822 1256 848 se
1277 808 1411 848 faeere
1433 823 1526 848 con-

333 885 397 918 tra
423 885 609 918 naturam
629 885 701 918 aut
727 883 855 927 magis
882 874 1143 928 fugiendam1
1165 886 1308 920 censet
1338 887 1528 930 mortem,

336 957 635 1000 paupertatem,
657 953 852 1000 dolorem,
873 956 1131 992 amissionem
1151 957 1276 993 etiam
1292 954 1528 1003 liberorum,

334 1029 666 1073 propinquorum,
712 1029 932 1065 amicorum
983 1039 1104 1074 quam
1154 1027 1289 1066 facere
1339 1031 1526 1075 cuiquam

333 1101 531 1137 iniuriam.
591 1098 632 1137 Si
665 1098 766 1136 nihil
799 1101 1006 1137 existimat
1045 1104 1187 1137 contra
1217 1104 1404 1138 naturam
1438 1100 1524 1139 fieri

332 1171 564 1209 hominibus
603 1171 812 1218 violandis,
853 1172 950 1218 quid
1002 1185 1094 1210 cum
1139 1185 1189 1211 eo
1233 1172 1418 1220 disseras,
1452 1175 1521 1220 qui

333 1246 498 1282 omnino
524 1243 731 1282 hominem
753 1257 802 1282 ex
829 1243 994 1282 homine
1015 1244 1158 1283 tollat?
1194 1248 1256 1283 sin
1282 1245 1523 1292 fugiendum

332 1316 375 1355 id
406 1316 572 1364 quidem
605 1322 760 1364 censet,
788 1311 885 1355 sed²
905 1317 1035 1355 multo
1065 1317 1134 1355 illa
1161 1321 1311 1366 peiora,
1337 1323 1526 1366 mortem,

333 1394 632 1437 paupertatem,
653 1389 848 1438 dolorem,
870 1394 978 1428 errat
1007 1392 1050 1427 in
1078 1403 1139 1437 eo,
1161 1390 1269 1438 quod
1301 1390 1430 1429 ullum
1455 1395 1526 1430 aut

333 1465 508 1510 corporis
541 1466 613 1500 aut
651 1461 839 1501 fortunae
874 1464 1018 1500 vitium
1058 1464 1165 1500 vitiis
1203 1465 1327 1501 animi
1364 1466 1525 1510 gravius

333 1537 548 1573 existimat.

387 1608 456 1646 VI.
491 1609 599 1655 Ergo
619 1622 745 1646 unum
767 1608 894 1646 denet
922 1621 1010 1646 esse
1038 1609 1225 1647 omnibus
1256 1611 1520 1657 propositum,

330 1686 378 1719 ut
397 1681 541 1719 eadem
563 1684 616 1719 sit
637 1680 791 1718 utilitas
813 1683 931 1718 unius
947 1683 1142 1728 cuiusque
1158 1686 1202 1719 et
1222 1683 1523 1729 universorum;

328 1767 449 1801 quam
482 1755 515 1791 si
548 1753 599 1791 ad
638 1766 681 1791 se
721 1755 890 1800 quisque
928 1755 1072 1800 rapiet,
1108 1753 1350 1792 dissolvetur
1388 1757 1519 1794 omnis

328 1827 505 1865 humana
526 1829 738 1864 consortio.

384 1899 522 1946 Atque
550 1902 686 1946 etiam,
708 1901 740 1937 si
773 1898 850 1937 hoc
876 1903 1021 1937 natura
1049 1899 1299 1946 praescribit,
1320 1903 1368 1938 ut
1399 1899 1520 1939 homo

459 2031 684 2074 'fugiendam
702 2030 736 2070 b,
758 2030 1033 2073 Ed.;fi‹gienda
1052 2031 1079 2063 B
1098 2030 1132 2062 H
1150 2040 1174 2063 a
1190 2041 1221 2064 c.

455 2074 537 2107 ¹'sed
549 2086 580 2115 c,
601 2074 711 2112 Edd.;
728 2077 762 2107 et
778 2075 805 2106 B
825 2074 857 2106 H
876 2085 899 2106 a
916 2074 949 2107 b.

432 2130 512 2170 292
