1546 2294
228 534 273 568 11

235 1306 280 1338 12

602 123 802 162 CICERO
833 122 910 160 DE
939 122 1176 161 OFFICIIS

306 212 370 245 tos
389 206 575 244 homines
596 211 640 243 et
661 204 826 242 callidos
846 204 1094 242 admirantes
1119 202 1316 241 malitiam
1343 205 1501 250 sapien-

307 275 407 310 tiam
426 270 618 308 iudicant.
680 268 863 316 Quorum
884 281 994 306 error
1013 267 1245 314 eripiendus
1266 272 1329 305 est
1348 269 1503 314 opinio-

309 349 388 382 que
423 337 553 373 omnis
587 333 638 371 ad
673 346 763 371 eam
798 346 912 379 spem
945 331 1210 378 traducenda,
1241 336 1289 369 ut
1321 330 1504 369 honestis

309 399 485 438 consiliis
505 401 702 444 iustisque
723 397 854 443 factis,
875 409 957 434 non
978 395 1120 434 fraude
1141 400 1185 434 et
1203 395 1358 434 malitia
1377 408 1421 434 se
1441 397 1503 432 in-

309 464 512 511 tellegant
531 476 592 510 ea,
613 475 716 509 quae
737 461 880 507 velint,
901 463 1093 507 consequi
1112 473 1239 507 posse.

366 528 482 575 Quae
503 540 600 574 ergo
621 526 672 564 ad
692 529 818 563 vitam
837 525 1047 563 hominum
1062 524 1259 563 tuendam
1278 526 1503 572 pertinent,

308 595 456 641 partim
491 597 587 630 sunt
626 593 817 636 inanima,
837 595 885 627 ut
915 602 1071 636 aurum,
1097 593 1328 636 argentum,
1354 593 1402 627 ut
1440 601 1502 635 ea,

309 671 412 705 quae
446 659 673 703 gignuntur
712 668 734 692 e
769 660 891 701 terra,
925 658 972 691 ut
1005 653 1083 691 alia
1112 655 1275 700 generis
1306 652 1502 699 eiusdem,

308 724 457 769 partim
476 720 678 766 animalia,
699 732 802 766 quae
822 718 978 756 habent
997 731 1088 756 suos
1108 720 1285 765 impetus
1305 722 1349 755 et
1367 730 1502 755 rerum

308 788 526 833 appetitus.
580 784 730 821 Eorum
747 788 884 820 autem
898 774 997 819 alia¹
1014 784 1181 820 rationis
1197 783 1380 828 expertia
1394 786 1504 827 sunt,

309 851 387 888 alia
417 852 574 886 ratione
607 850 787 891 utentia;
818 852 1006 893 expertes
1039 849 1206 884 rationis
1233 848 1341 892 equi,
1367 845 1504 890 boves,

309 914 489 961 reliquae
510 911 702 960 pecudes,
719 901 890 958 [apes,]2
909 923 1079 957 quarum
1100 923 1222 957 opere
1243 909 1414 947 efficitur
1431 908 1503 947 ali-

309 978 407 1026 quid
427 977 479 1015 ad
498 990 616 1015 usum
637 976 847 1013 hominum
870 979 994 1022 atque
1015 977 1160 1020 vitam3
1189 976 1345 1011 ratione
1364 978 1503 1011 autem

310 1045 516 1081 utentium
536 1041 617 1078 duo
632 1053 784 1087 genera
803 1044 974 1086 ponunt,
989 1039 1157 1076 deorum
1177 1051 1316 1084 unum,
1329 1037 1502 1075 alterum

309 1107 529 1145 hominum.
591 1104 700 1142 Deos
720 1104 898 1151 placatos
918 1106 1048 1151 pietas
1069 1103 1215 1140 efficiet
1235 1107 1278 1140 et
1297 1104 1504 1148 sanctitas,

311 1173 491 1219 proxime
515 1175 654 1207 autem
678 1174 722 1206 et
746 1167 970 1206 secundum
997 1167 1095 1205 deos
1121 1166 1306 1204 homines
1329 1165 1503 1203 homini·

311 1237 385 1273 bus
404 1237 580 1272 maxime
601 1233 722 1270 utiles
744 1245 831 1270 esse
852 1236 1031 1279 possunt.

369 1299 598 1344 Earumque
633 1299 734 1334 item
768 1283 917 1342 rerum,
949 1308 1052 1342 quae
1087 1299 1263 1332 noceant
1289 1299 1333 1332 et
1358 1294 1507 1340 obsint,

313 1363 458 1402 eadem
488 1362 629 1399 divisio
660 1365 732 1398 est.
793 1359 875 1398 Sed
903 1362 996 1406 quia
1024 1358 1121 1397 deos
1147 1371 1294 1396 nocere
1321 1371 1403 1395 non
1435 1371 1508 1404 pu-

313 1433 418 1474 tant,
430 1429 478 1464 iis
494 1427 675 1472 exceptis
691 1424 875 1462 homines
888 1423 1118 1461 hominibus
1134 1423 1275 1460 obesse
1291 1422 1508 1469 plurimum

312 1492 569 1529 arbitrantur.

371 1555 429 1593 Ea
463 1557 572 1592 enim
612 1556 709 1600 ipsa,
745 1565 847 1599 quae
882 1554 1059 1589 inanima
1092 1551 1279 1597 diximus,
1314 1549 1506 1597 pleraque

314 1624 411 1658 sunt
430 1618 640 1655 hominum
661 1619 792 1663 operis
820 1615 984 1660 effecta3
1014 1628 1117 1662 quae
1147 1627 1223 1652 nec
1251 1613 1505 1659 haberemus,

314 1687 389 1722 nisi
418 1695 558 1719 manus
586 1686 628 1719 et
656 1694 718 1718 ars
742 1682 988 1725 accessisset,
1010 1692 1086 1717 nec
1112 1681 1160 1716 iis
1186 1681 1272 1716 sine
1296 1677 1504 1715 hominum

313 1748 662 1786 administratione
696 1750 913 1782 uteremur.
975 1743 1121 1790 Neque
1160 1745 1270 1780 enim
1308 1740 1505 1779 valetudi-

314 1815 376 1850 nis
420 1813 573 1848 curatio
619 1822 752 1855 neque
795 1810 1000 1854 navigatio
1043 1819 1176 1853 neque
1220 1808 1307 1852 agri
1350 1805 1507 1843 cultura

317 1889 450 1923 neque
471 1874 634 1920 frugum
656 1873 942 1918 fructuumque
964 1871 1209 1918 reliquorum
1237 1871 1445 1917 perceptio
1466 1873 1510 1907 et

373 1970 469 2001 'alia
488 1966 538 1999 Η2
555 1966 726 2006 (Inserted
743 1965 859 1997 above
878 1965 936 1996 the
954 1963 1036 2005 line)
1050 1975 1084 2001 a,
1103 1963 1212 2001 Edd.;
1226 1968 1287 1994 not
1305 1963 1339 1994 in
1356 1962 1382 1993 B
1399 1961 1444 1994 H'
1463 1960 1506 2001 bg

326 2014 460 2046 bartim
477 2023 505 2043 c.

371 2057 479 2099 ²apes
497 2054 617 2092 MSS.;
635 2053 836 2086 bracketed
854 2052 901 2094 by
920 2051 1128 2090 Facciolati,
1149 2050 1238 2083 Edd.

427 2111 503 2148 178
