1520 2320
537 72 738 111 CICERO
767 72 844 111 DE
873 73 1109 113 OFFICIlS

246 153 376 192 velint
394 166 497 200 esse,
515 153 568 191 de
588 154 715 191 officio
734 154 836 192 nihil
857 160 1010 201 queant
1029 155 1177 202 dicere,
1197 167 1331 202 neque
1350 153 1433 192 ulla

246 209 363 248 officii
401 214 619 257 praecepta
650 209 775 256 firma,
810 210 981 257 stabilia,
1017 213 1233 249 coniuncta
1265 215 1433 249 naturae

247 265 353 304 tradi
371 270 540 313 possunt
558 268 636 303 nisi
655 270 726 304 aut
745 266 796 303 ab
815 268 875 312 iis,
892 269 961 313 qui
981 266 1119 313 solam,
1134 271 1203 305 aut
1219 266 1270 304 ab
1289 269 1351 314 iis,
1366 269 1436 314 qui

247 324 420 360 maxime
449 321 709 361 honestatem
737 327 903 369 propter
922 335 965 361 se
986 322 1124 361 dicant
1150 322 1432 370 expetendam.

248 377 313 415 Ita
331 380 492 425 propria
511 382 574 416 est
594 390 641 415 ea
660 381 893 426 praeceptio
914 378 1152 425 Stoicorum,
1173 378 1435 417 Academico-

248 447 351 480 rum,
373 433 749 482 Peripateticorum,
762 437 952 481 quoniam
972 434 1186 481 Aristonis,
1205 434 1433 482 Pyrrhonis,

250 489 365 527 Erilli
393 492 473 528 iam
499 489 658 537 pridem
678 490 841 537 explosa
861 493 1067 528 sententia
1086 495 1169 536 est;
1198 493 1267 538 qui
1295 495 1434 529 tamen

249 546 450 584 haberent
468 548 529 584 ius
551 559 667 584 suum
687 546 922 593 disputandi
943 546 995 584 de
1015 547 1155 593 officio,
1169 549 1201 585 si
1216 559 1350 584 rerum
1362 546 1433 585 ali-

248 615 370 649 quem
383 602 580 640 dilectum
589 595 602 619 ¹
619 602 890 649 reliquissent,
904 608 951 640 ut
963 603 1015 641 ad
1028 603 1144 640 officii
1156 605 1435 641 inventionem

247 658 381 696 aditus
393 663 511 696 esset.
526 657 752 704 Sequemur
761 651 775 674 ²
790 661 915 705 igitur
930 658 1007 697 hoc
1019 658 1185 706 quidem
1197 663 1380 706 tempore
1393 663 1437 696 et

248 714 323 752 hac
337 717 380 752 in
396 716 632 761 quaestione
649 716 901 761 potissimum
917 714 1072 754 Stoicos
1084 727 1167 753 non
1179 719 1226 753 ut
1238 717 1436 762 interpre-

248 776 324 817 tes,
331 770 468 818 sed,ut
476 770 663 816 solemus,
671 783 693 808 e
700 769 879 809 fontibus
889 784 1027 809 eorum
1036 771 1183 809 iudicio
1191 771 1436 818 arbitrioque

247 831 398 874 nostro,
419 830 617 873 quantum
636 839 796 873 quoque
816 826 937 865 modo
956 826 1173 874 videbitur,
1194 826 1434 864 hauriemus.

305 882 444 921 Placet
469 885 607 929 igitur,
627 885 816 929 quoniam
836 885 965 921 omnis
984 883 1205 930 disputatio
1231 882 1284 921 de
1309 882 1437 921 officio

246 938 383 977 futura
413 943 488 985 est,
508 943 605 976 ante
635 938 818 985 definire,
839 939 936 986 quid
966 941 1018 977 sit
1047 939 1240 984 officium;
1274 937 1383 986 quod
1412 951 1437 976 a

249 994 441 1032 Panaetio
471 997 798 1042 praetermissum
829 1007 915 1032 esse
942 997 1074 1032 miror.
1135 995 1278 1033 Omnis
1312 997 1434 1042 enim,

247 1064 350 1099 quae
380 1041 438 1098 [a]
473 1043 646 1089 ratione³
676 1053 891 1097 suscipitur
920 1051 972 1089 de
1001 1050 1134 1098 aliqua
1154 1063 1197 1088 re
1217 1052 1434 1097 institutio,

246 1106 373 1144 debet
391 1120 414 1145 a
434 1106 671 1145 definitione
686 1106 895 1153 proficisci,
910 1111 957 1144 ut
976 1106 1254 1154 intellegatur,
1266 1106 1364 1154 quid
1383 1109 1436 1144 sit

246 1162 301 1209 id,
322 1163 374 1201 de
394 1175 474 1210 quo
493 1162 734 1209 disputetur.
751 1191 758 1199 .
775 1191 782 1199 .
801 1154 831 1200 ‚4

305 1219 381 1256 ΙΙΙ.
414 1219 558 1257 Omnis
579 1218 630 1255 de
651 1218 778 1255 officio
805 1218 955 1266 duplex
983 1223 1046 1256 est
1077 1220 1281 1265 quaestio:
1310 1230 1437 1255 unum

245 1288 375 1322 genus
394 1279 470 1321 est,
486 1273 595 1321 quod
613 1276 794 1320 pertinet
812 1274 865 1312 ad
885 1273 1006 1312 finem
1026 1274 1235 1320 bonorum,
1250 1273 1437 1320 alterum,

245 1331 354 1378 quod
373 1333 549 1378 positum
565 1332 652 1367 est
642 1343 685 1368 in
699 1332 940 1402 praeceptis,
953 1330 1122 1377 quibus
1112 1343 1155 1368 in
1169 1332 1299 1368 omnis
1314 1332 1438 1376 partis

245 1400 340 1425 usus
354 1389 461 1425 vitae
475 1377 740 1423 conformari⁵
751 1388 887 1433 possit.
911 1385 1134 1433 Superioris
1145 1388 1306 1432 generis
1319 1385 1437 1423 huius

245 1443 355 1481 modi
385 1447 481 1481 sunt
511 1441 717 1488 exempla:
755 1444 943 1479 omniane
974 1442 1100 1479 officia
1129 1441 1312 1488 perfecta
1341 1444 1437 1488 sint,

245 1513 342 1537 num
362 1498 471 1546 quod
497 1497 669 1536 officium
688 1496 798 1535 aliud
823 1497 901 1535 alio
920 1500 1048 1535 maius
1067 1500 1132 1544 sit,
1153 1501 1197 1536 et
1216 1509 1319 1544 quae
1339 1502 1436 1535 sunt

243 1557 405 1602 generis
418 1553 610 1592 eiusdem.
645 1552 826 1601 Quorum
841 1558 979 1591 autem
991 1553 1208 1591 officiorum
1219 1558 1437 1601 praecepta

243 1610 474 1657 traduntur,
482 1623 530 1648 ea
542 1621 784 1657 quamquam
799 1612 1009 1656 pertinent
1023 1609 1075 1648 ad
1088 1609 1209 1647 finem
1224 1609 1434 1655 bonorum,

242 1672 381 1704 tamen
393 1669 526 1704 minus
541 1665 584 1704 id
603 1670 785 1712 apparet,
802 1667 896 1712 quia
915 1668 1042 1712 magis
1062 1664 1114 1703 ad
1133 1667 1434 1703 institutionem

247 1726 353 1760 vitae
392 1724 616 1761 communis
649 1725 833 1768 spectare
865 1721 1076 1767 videntur-3
1110 1721 1162 1759 de
1196 1721 1342 1768 quibus
1373 1725 1436 1759 est

279 1782 466 1815 ¹dilectum
484 1782 512 1814 B
531 1781 565 1814 H
583 1791 606 1812 a
623 1780 658 1820 b,
675 1780 785 1819 Edd.;
802 1781 970 1813 delectum
988 1780 1019 1813 A
1031 1791 1062 1813 e.

278 1826 337 1859 ’.ς-ε
362 1838 489 1859 uemur
502 1825 695 1863 Graevius,
717 1824 825 1862 Edd.;
843 1825 1029 1867 sequimur
1044 1823 1146 1856 MSS.

278 1869 312 1913 ³[
316 1838 507 1913 affratione
523 1869 606 1907 Ed.;
623 1880 646 1900 a
663 1869 799 1901 ratione
816 1868 938 1906 MSS.;
931 1868 1092 1900 ·ratione
1110 1868 1246 1900 Miiller.

277 1914 440 1946 ⁴Cicero'
445 1925 462 1945 s
479 1913 663 1946 definition
682 1916 777 1944 must
803 1913 895 1944 have
916 1893 1081 1944 followed
1106 1912 1201 1951 here,
1224 1911 1434 1954 something

232 1958 304 1990 like
319 1958 432 1990 Omne
443 1958 569 1999 agitur,
581 1957 676 1999 quod
687 1957 825 1988 ratione
834 1959 953 1988 actum
965 1959 1018 1987 est
1028 1956 1182 1998 officium
1197 1956 1423 1998 appellamus

234 2001 373 2045 Unger.
423 2001 663 2043 ‘confbrmari
678 2000 787 2038 Edd.;
803 2000 1013 2043 confirmari
1029 1999 1131 2032 MSS.
1151 1999 1188 2040 (i.
1193 2010 1224 2031 e.
1245 1999 1427 2040 fortified).

354 2058 377 2093 8
