1546 2294
197 704 250 739 30

569 105 770 143 CICERO
801 104 876 142 DE
906 104 1143 144 OFFICIIS

275 204 398 238 quam
424 193 505 228 cari
532 203 620 228 esse
648 195 691 228 et
718 189 832 236 diligi
859 189 1068 227 malumus.
1130 189 1246 238 Quae
1266 193 1299 230 si
1319 191 1469 239 populo

283 264 463 301 Romano
487 265 636 300 iniuste
661 264 879 310 imperanti
903 262 1087 300 accidere
1114 268 1350 311 potuerunt,
1374 263 1472 311 quid

279 335 437 374 debent
463 340 606 382 putare
634 334 807 382 singuli?
865 333 986 382 Quod
1013 348 1105 372 cum
1132 338 1390 383 perspicuum
1409 339 1475 383 sit,

280 408 580 446 benivolentiae
608 410 688 445 vim
716 420 803 445 esse
830 420 1034 454 magnam,
1055 413 1190 446 metus
1216 408 1476 455 imbecillam,

280 484 476 529 sequitur,
493 486 539 519 ut
560 481 814 526 disseramus,
831 481 976 527 quibus
997 481 1117 519 rebus
1137 480 1328 519 facillime
1349 484 1473 529 possi-

277 567 366 592 mus
388 567 491 601 eam,
507 567 628 600 quam
649 553 844 599 volumus,
861 552 1029 600 adipisci
1049 566 1141 591 cum
1160 553 1313 592 honore
1330 559 1373 592 et
1393 553 1472 593 fide

279 630 503 665 caritatem.

336 700 417 739 Sed
439 713 486 738 ea
505 713 587 737 non
608 702 760 747 pariter
779 712 919 737 omnes
940 711 1128 746 egemus;
1157 713 1251 737 nam
1271 699 1323 738 ad
1343 702 1474 738 cuius-

279 786 358 820 que
373 775 496 810 vitam
509 775 738 810 institutam
755 771 1142 809 accommodandum
1155 776 1231 818 est,
1243 785 1267 809 a
1281 771 1474 810 multisne

280 858 381 892 opus
408 847 461 883 sit
487 859 539 882 an
564 848 660 883 satis
687 847 740 882 sit
766 858 789 881 a
816 847 952 891 paucis
973 843 1099 890 diligi.
1161 844 1328 882 Certum
1348 847 1474 891 igitur

278 917 356 955 hoc
387 920 452 964 sit,
480 917 604 964 idque
637 922 680 955 et
710 919 886 964 primum
913 921 957 954 et
983 919 1158 954 maxime
1189 919 1473 964 necessarium,

279 990 574 1028 familiaritates
601 990 751 1028 habere
779 989 877 1027 fidas
904 992 1128 1026 amantium
1154 1002 1227 1027 nos
1253 991 1470 1028 amicorum

277 1068 322 1102 et
341 1068 478 1101 nostra
497 1065 754 1108 mirantium3
780 1062 880 1099 haec
901 1064 1011 1099 enim
1030 1051 1136 1099 una1
1155 1075 1219 1100 res
1239 1075 1411 1109 prorsus,
1424 1067 1471 1100 ut

278 1149 359 1173 non
378 1135 554 1173 multum
571 1134 730 1173 differat
746 1137 854 1172 inter
874 1147 1049 1172 summos
1066 1138 1110 1171 et
1125 1133 1337 1172 mediocris
1352 1137 1469 1181 viros,

277 1200 431 1255 aeque²
451 1210 633 1254 utrisque
655 1212 718 1245 est
738 1206 1031 1254 propemodum
1052 1205 1332 1253 comparanda.

334 1280 503 1318 Honore
532 1285 575 1317 et
602 1279 730 1326 gloria
757 1283 799 1316 et
827 1278 1104 1316 benivolentia
1130 1281 1277 1316 civium
1301 1277 1471 1317 fortasse

277 1361 359 1386 non
379 1360 508 1394 aeque
529 1360 668 1384 omnes
690 1351 828 1393 egent,
850 1345 922 1383 sed
943 1351 1095 1392 tamen,
1116 1347 1149 1383 si
1174 1348 1238 1383 cui
1257 1345 1359 1384 haec
1379 1359 1472 1393 sup-

278 1420 440 1463 petunt,
460 1415 655 1453 adiuvant
674 1414 927 1460 aliquantum
949 1426 1041 1450 cum
1067 1412 1119 1450 ad
1140 1418 1289 1460 cetera,
1310 1418 1400 1451 tum
1419 1413 1471 1451 ad

277 1486 471 1521 amicitias
491 1482 790 1529 comparandas.

330 1550 401 1588 IX.
434 1550 516 1589 Sed
543 1550 594 1587 de
621 1551 797 1586 amicitia
820 1548 898 1586 alio
925 1548 1026 1585 libro
1045 1548 1200 1586 dictum
1221 1553 1297 1595 est,
1317 1551 1386 1595 qui
1406 1551 1466 1587 in·

272 1619 461 1657 scribitur
477 1617 658 1661 Laelius;
679 1630 787 1654 nunc
803 1616 982 1654 dicamus
999 1616 1050 1653 de
1070 1615 1210 1662 gloria,
1223 1629 1466 1663 quamquam

272 1700 321 1725 ea
337 1698 495 1732 quoque
513 1685 564 1722 de
580 1698 623 1722 re
639 1684 720 1722 duo
736 1689 831 1722 sunt
846 1686 972 1721 nostri
992 1683 1097 1729 libri,
1113 1683 1185 1721 sed
1204 1686 1466 1732 attingamus,

272 1753 603 1801 quandoquidem
626 1765 673 1790 ea
693 1754 735 1789 in
756 1752 875 1789 rebus
899 1751 1114 1788 maioribus
1141 1750 1468 1790 administrandis

272 1821 437 1859 adiuvat
457 1820 685 1867 plurimum.

326 1888 494 1927 Summa
514 1890 639 1934 igitur
659 1891 702 1924 et
728 1886 910 1933 perfecta
936 1885 1064 1932 gloria
1084 1889 1244 1923 constat
1269 1898 1319 1924 ex
1339 1886 1469 1926 tribus

484 1977 498 1998 ²
511 1977 607 2008 enim
625 1986 700 2007 una
715 1975 838 2007 Baiter
851 1987 859 2013 ς
876 1975 972 2006 enim
989 1977 1041 2006 est
1055 1984 1130 2005 una
1144 1973 1249 2006 MSS.

485 2027 499 2048 ¹
513 2039 623 2071 aeque
641 2027 740 2059 Lund
756 2039 764 2064 ς
782 2038 891 2069 eaque
909 2026 1013 2059 MSS.

380 2084 457 2126 198
