1520 2320
179 734 228 768 13

177 1618 226 1651 14

554 107 754 146 CICERO
786 107 862 145 DE
891 107 1128 147 OFFICIIS

256 193 455 236 neratque
474 192 518 226 in
537 192 676 236 primis
695 192 958 236 praecipuum
977 190 1182 236 quendam
1207 202 1386 228 amorem
1410 193 1453 228 in

258 269 339 303 eos,
374 260 443 303 qui
477 259 679 304 procreati
712 262 821 304 sunt,
856 257 1127 305 impellitque,
1161 262 1208 296 ut
1243 257 1455 296 hominum

258 329 398 361 coetus
418 329 462 362 et
486 324 781 363 celebrationes
809 330 853 363 et
879 338 967 364 esse
995 330 1039 364 et
1057 339 1081 363 a
1100 339 1144 364 se
1164 326 1265 363 obiri
1285 325 1385 364 velit
1403 326 1456 364 ob

258 405 406 438 easque
427 406 564 431 causas
585 393 749 431 studeat
768 407 908 440 parare
929 407 989 440 ea,
1007 407 1110 441 quae
1125 393 1391 441 suppeditent
1405 393 1458 432 ad

257 459 414 497 cultum
430 465 474 497 et
492 460 544 498 ad
561 463 726 507 victum,
743 475 820 499 nec
837 461 912 499 sibi
932 461 1019 508 soli,
1036 461 1109 500 sed
1129 464 1304 509 coniugi,
1319 461 1457 500 liberis

257 531 499 575 ceterisque,
521 542 620 575 quos
641 542 751 567 caros
775 529 926 567 habeat
945 532 1133 576 tuerique
1153 529 1324 575 debeat3
1352 542 1456 576 quae

258 608 352 632 cura
372 599 592 634 exsuscitat
614 599 737 634 etiam
758 600 912 634 animos
934 602 977 634 et
997 600 1167 635 maiores
1194 597 1246 635 ad
1271 610 1359 635 rem
1384 610 1455 644 ge-

257 663 426 701 rendam
446 663 554 701 facit.

315 730 365 769 In
396 734 616 779 primisque
649 732 823 770 hominis
856 738 918 771 est
947 735 1108 780 propria
1136 735 1222 771 veri
1250 735 1458 780 inquisitio

257 803 401 848 atque(
415 802 687 847 investigatio.
750 800 894 847 Itaque
930 814 1022 838 cum
1057 814 1193 839 sumus
1223 804 1457 840 necessariis

258 870 434 913 negotiis
455 871 641 915 curisque
661 872 789 914 vacui,
811 874 900 906 tum
929 882 1093 907 avemus
1121 869 1275 916 aliquid
1304 870 1456 917 videre,

258 935 411 981 audire,
431 936 640 974 addiscere
671 940 1029 983 cognitionemque
1059 950 1194 975 rerum
1223 943 1295 976 aut
1322 938 1455 976 occul—

258 1009 391 1041 tarum
419 1009 491 1042 aut
519 1004 816 1042 admirabilium
845 1005 897 1042 ad
927 1006 1046 1043 beate
1067 1005 1286 1044 vivendum
1315 1019 1455 1045 neces—

257 1074 401 1109 sariam
429 1071 623 1110 ducimus.
685 1072 746 1109 Ex
774 1086 853 1119 quo
880 1072 1150 1119 intellegitur,
1171 1073 1279 1119 quod
1299 1086 1452 1120 verum,

258 1139 429 1185 simplex
463 1142 746 1186 sincerumque
780 1143 846 1186 sit,
878 1140 921 1178 id
956 1154 1043 1178 esse
1077 1145 1246 1179 naturae
1280 1140 1454 1179 hominis

257 1209 520 1253 aptissimum.
583 1207 693 1244 Huic
720 1210 804 1245 veri
831 1207 997 1245 videndi
1024 1207 1238 1255 cupiditati
1263 1208 1455 1247 adiuncta

258 1279 322 1312 est
340 1276 539 1321 appetitio
559 1275 759 1320 quaedam
778 1278 1040 1330 principatus,
1062 1280 1109 1313 ut
1132 1278 1288 1315 nemini
1313 1289 1454 1324 parere

257 1344 413 1379 animus
444 1342 549 1379 bene
579 1341 818 1380 informatus
847 1356 871 1379 a
898 1347 1042 1380 natura
1069 1342 1169 1381 velit
1198 1345 1276 1381 nisi
1301 1347 1454 1391 praeci-

257 1412 387 1457 pienti
406 1414 478 1447 aut
504 1409 669 1448 docenti
695 1415 767 1448 aut
792 1410 981 1448 utilitatis
1008 1423 1126 1450 causa
1150 1413 1256 1449 iuste
1283 1416 1328 1450 et
1352 1411 1453 1458 legi-

256 1479 356 1514 time
394 1479 631 1524 imperanti3
682 1491 732 1516 ex
771 1491 851 1524 quo
882 1477 1122 1525 magnitudo
1155 1481 1279 1516 animi
1313 1481 1453 1518 existit

256 1545 604 1592 humanarumque
625 1559 759 1584 rerum
780 1550 1041 1593 contemptio.
1438 1543 1440 1545 ’

312 1613 399 1651 Nec
434 1626 528 1651 vero
562 1613 632 1651 illa
659 1627 782 1661 parva
810 1617 868 1651 vis
897 1619 1066 1652 naturae
1096 1618 1160 1652 est
1188 1617 1452 1663 rationisque,

255 1681 363 1728 quod
395 1694 521 1719 unum
554 1681 630 1719 hoc
658 1681 805 1719 animal
833 1686 972 1728 sentit,
1003 1682 1101 1729 quid
1130 1685 1183 1721 sit
1211 1682 1322 1730 ordo,
1352 1684 1450 1730 quid

255 1751 320 1796 sit,
359 1748 468 1795 quod
507 1748 664 1796 deceat,
703 1752 746 1787 in
784 1749 901 1788 factis
940 1750 1140 1797 dictisque
1178 1753 1247 1798 qui
1294 1750 1448 1790 modus.

257 1817 399 1863 Itaque
420 1829 559 1854 eorum
579 1819 768 1864 ipsorum,
790 1831 892 1864 quae
913 1823 1079 1864 aspectu
1100 1820 1344 1866 sentiuntur,
1360 1818 1450 1857 nul·

255 1885 338 1922 lum
364 1884 475 1922 aliud
500 1885 650 1922 animal
677 1885 1037 1933 pulchritudinem,
1059 1886 1327 1934 venustatem,
1354 1899 1450 1925 con-

254 1955 501 1991 venientiam
510 1956 686 2000 partium
698 1956 825 1991 sentit
835 1966 844 1998 ;
858 1967 977 2000 quam
987 1953 1293 1992 similitudinem
1305 1958 1449 1993 natura

254 2023 436 2067 ratioque
449 2021 500 2058 ab
513 2021 637 2058 oculis
652 2021 704 2058 ad
719 2023 899 2059 animum
914 2021 1163 2060 transferens
1178 2022 1308 2061 multo
1323 2024 1447 2060 etiam

371 2081 385 2113 l
396 2081 419 2113 4
