<?xml version="1.0" encoding="UTF-8"?>
<!DOCTYPE html PUBLIC "-//W3C//DTD XHTML 1.0 Transitional//EN"
    "http://www.w3.org/TR/xhtml1/DTD/xhtml1-transitional.dtd">
<html xmlns="http://www.w3.org/1999/xhtml" xml:lang="en" lang="en">
 <head>
  <title>
</title>
<meta http-equiv="Content-Type" content="text/html;charset=utf-8" />
  <meta name='ocr-system' content='tesseract 3.04.00' />
  <meta name='ocr-capabilities' content='ocr_page ocr_carea ocr_par ocr_line ocrx_word'/>
</head>
<body>
  <div class='ocr_page' id='page_1' title='image "./deofficiiswithen00ciceuoft_0404.png"; bbox 0 0 1546 2294; ppageno 0'>
   <div class='ocr_carea' id='block_1_1' title="bbox 601 104 1174 150">
    <p class='ocr_par' dir='ltr' id='par_1_1' title="bbox 601 104 1174 150">
     <span class='ocr_line' id='line_1_1' title="bbox 601 104 1174 150; baseline 0.009 -7"><span class='ocrx_word' id='word_1_1' title='bbox 601 104 801 145; x_wconf 89' lang='lat' dir='ltr'>CICERO</span> <span class='ocrx_word' id='word_1_2' title='bbox 832 107 909 145; x_wconf 93' lang='lat' dir='ltr'><strong>DE</strong></span> <span class='ocrx_word' id='word_1_3' title='bbox 937 108 1174 150; x_wconf 88' lang='lat' dir='ltr'>OFFICIIS</span> 
     </span>
    </p>
   </div>
   <div class='ocr_carea' id='block_1_2' title="bbox 305 189 1496 240">
    <p class='ocr_par' dir='ltr' id='par_1_2' title="bbox 305 189 1496 240">
     <span class='ocr_line' id='line_1_2' title="bbox 305 189 1496 240; baseline 0.008 -18"><span class='ocrx_word' id='word_1_4' title='bbox 305 197 452 223; x_wconf 88' lang='lat' dir='ltr'><strong>nocere</strong></span> <span class='ocrx_word' id='word_1_5' title='bbox 488 189 700 234; x_wconf 87' lang='lat' dir='ltr'><strong>potuisset,</strong></span> <span class='ocrx_word' id='word_1_6' title='bbox 730 201 851 235; x_wconf 89' lang='lat' dir='ltr'><strong>quam</strong></span> <span class='ocrx_word' id='word_1_7' title='bbox 885 193 1025 228; x_wconf 80' lang='lat' dir='ltr'><strong>nocuit</strong></span> <span class='ocrx_word' id='word_1_8' title='bbox 1058 191 1134 228; x_wconf 90' lang='lat' dir='ltr'>sibi</span> <span class='ocrx_word' id='word_1_9' title='bbox 1167 193 1254 239; x_wconf 84' lang='lat' dir='ltr'><strong>ipse</strong></span> <span class='ocrx_word' id='word_1_10' title='bbox 1290 191 1496 240; x_wconf 79' lang='lat' dir='ltr'><strong>Regulus?</strong></span> 
     </span>
    </p>
   </div>
   <div class='ocr_carea' id='block_1_3' title="bbox 307 253 1498 368">
    <p class='ocr_par' dir='ltr' id='par_1_3' title="bbox 307 253 1498 368">
     <span class='ocr_line' id='line_1_3' title="bbox 309 253 1498 306; baseline 0.009 -17"><span class='ocrx_word' id='word_1_11' title='bbox 309 253 431 290; x_wconf 87' lang='lat' dir='ltr'><strong>Nulla</strong></span> <span class='ocrx_word' id='word_1_12' title='bbox 451 256 576 301; x_wconf 87' lang='lat' dir='ltr'><strong>igitur</strong></span> <span class='ocrx_word' id='word_1_13' title='bbox 599 258 657 293; x_wconf 91' lang='lat' dir='ltr'><strong>vis</strong></span> <span class='ocrx_word' id='word_1_14' title='bbox 684 254 763 294; x_wconf 87' lang='lat' dir='ltr'><strong>fuit</strong></span> <span class='ocrx_word' id='word_1_15' title='bbox 790 256 1008 305; x_wconf 85' lang='lat' dir='ltr'>religionis,</span> <span class='ocrx_word' id='word_1_16' title='bbox 1030 271 1133 306; x_wconf 86' lang='lat' dir='ltr'><strong>quae</strong></span> <span class='ocrx_word' id='word_1_17' title='bbox 1160 264 1318 298; x_wconf 78' lang='lat' dir='ltr'><strong>tantam</strong></span> <span class='ocrx_word' id='word_1_18' title='bbox 1344 260 1498 299; x_wconf 80' lang='lat' dir='ltr'><strong>utilita-</strong></span> 
     </span>
     <span class='ocr_line' id='line_1_4' title="bbox 307 324 678 368; baseline 0.011 -11"><span class='ocrx_word' id='word_1_19' title='bbox 307 324 392 358; x_wconf 97' lang='lat' dir='ltr'><strong>tem</strong></span> <span class='ocrx_word' id='word_1_20' title='bbox 413 327 678 368; x_wconf 77' lang='lat' dir='ltr'><strong>perverteret.</strong></span> 
     </span>
    </p>
   </div>
   <div class='ocr_carea' id='block_1_4' title="bbox 307 388 1499 510">
    <p class='ocr_par' dir='ltr' id='par_1_4' title="bbox 307 388 1499 510">
     <span class='ocr_line' id='line_1_5' title="bbox 362 388 1496 437; baseline 0.008 -11"><span class='ocrx_word' id='word_1_21' title='bbox 362 388 429 426; x_wconf 90' lang='lat' dir='ltr'><strong>An</strong></span> <span class='ocrx_word' id='word_1_22' title='bbox 444 403 497 427; x_wconf 91' lang='lat' dir='ltr'><strong>ne</strong></span> <span class='ocrx_word' id='word_1_23' title='bbox 513 393 688 437; x_wconf 80' lang='lat' dir='ltr'><strong>turpiter</strong></span> <span class='ocrx_word' id='word_1_24' title='bbox 703 391 886 430; x_wconf 83' lang='lat' dir='ltr'><strong>faceret?</strong></span> <span class='ocrx_word' id='word_1_25' title='bbox 927 393 1105 432; x_wconf 92' lang='lat' dir='ltr'><strong>Primum</strong></span> <span class='ocrx_word' id='word_1_26' title='bbox 1119 397 1287 434; x_wconf 83' lang='lat' dir='ltr'><strong>minima</strong></span> <span class='ocrx_word' id='word_1_27' title='bbox 1301 395 1354 434; x_wconf 88' lang='lat' dir='ltr'><strong>de</strong></span> <span class='ocrx_word' id='word_1_28' title='bbox 1371 395 1496 434; x_wconf 87' lang='lat' dir='ltr'><strong>malis.</strong></span> 
     </span>
     <span class='ocr_line' id='line_1_6' title="bbox 307 448 1499 510; baseline 0.008 -17"><span class='ocrx_word' id='word_1_29' title='bbox 307 448 433 494; x_wconf 88' lang='lat' dir='ltr'><strong>Numl</strong></span> <span class='ocrx_word' id='word_1_30' title='bbox 462 459 588 504; x_wconf 88' lang='lat' dir='ltr'><strong>igitur</strong></span> <span class='ocrx_word' id='word_1_31' title='bbox 618 463 781 497; x_wconf 89' lang='lat' dir='ltr'><strong>tantum</strong></span> <span class='ocrx_word' id='word_1_32' title='bbox 811 460 906 498; x_wconf 86' lang='lat' dir='ltr'><strong>mali</strong></span> <span class='ocrx_word' id='word_1_33' title='bbox 938 461 1150 509; x_wconf 90' lang='lat' dir='ltr'><strong>turpitudo</strong></span> <span class='ocrx_word' id='word_1_34' title='bbox 1180 465 1259 501; x_wconf 87' lang='lat' dir='ltr'><strong>ista</strong></span> <span class='ocrx_word' id='word_1_35' title='bbox 1288 454 1499 510; x_wconf 61' lang='lat' dir='ltr'><strong>habebat?</strong></span> 
     </span>
    </p>
   </div>
   <div class='ocr_carea' id='block_1_5' title="bbox 305 525 1497 630">
    <p class='ocr_par' dir='ltr' id='par_1_5' title="bbox 305 525 1497 630">
     <span class='ocr_line' id='line_1_7' title="bbox 305 525 1497 596; baseline 0.008 -35"><span class='ocrx_word' id='word_1_36' title='bbox 305 529 503 570; x_wconf 88' lang='lat' dir='ltr'><strong>quantum</strong></span> <span class='ocrx_word' id='word_1_37' title='bbox 531 525 600 563; x_wconf 87' lang='lat' dir='ltr'><strong>ille</strong></span> <span class='ocrx_word' id='word_1_38' title='bbox 631 528 855 596; x_wconf 85' lang='lat' dir='ltr'><strong>cruciatus?</strong></span> <span class='ocrx_word' id='word_1_39' title='bbox 913 528 1075 568; x_wconf 90' lang='lat' dir='ltr'><strong>Deinde</strong></span> <span class='ocrx_word' id='word_1_40' title='bbox 1105 529 1207 569; x_wconf 90' lang='lat' dir='ltr'><strong>illud</strong></span> <span class='ocrx_word' id='word_1_41' title='bbox 1235 533 1360 569; x_wconf 80' lang='lat' dir='ltr'><strong>etiam</strong></span> <span class='ocrx_word' id='word_1_42' title='bbox 1388 531 1497 579; x_wconf 83' lang='lat' dir='ltr'><strong>apud</strong></span> 
     </span>
     <span class='ocr_line' id='line_1_8' title="bbox 306 590 500 630; baseline 0.018 -2"><span class='ocrx_word' id='word_1_43' title='bbox 306 590 500 630; x_wconf 91' lang='lat' dir='ltr'><strong>Accium·</strong></span> 
     </span>
    </p>
   </div>
   <div class='ocr_carea' id='block_1_6' title="bbox 166 680 1386 799">
    <p class='ocr_par' dir='ltr' id='par_1_6' title="bbox 166 680 1386 799">
     <span class='ocr_line' id='line_1_9' title="bbox 166 680 1386 742; baseline 0.014 -33"><span class='ocrx_word' id='word_1_44' title='bbox 166 682 310 742; x_wconf 52' lang='grc' dir='ltr'><strong>ἓξξῖιὲὶμ</strong></span> <span class='ocrx_word' id='word_1_45' title='bbox 999 680 1221 734; x_wconf 74' lang='lat' dir='ltr'><strong>Fregistin³</strong></span> <span class='ocrx_word' id='word_1_46' title='bbox 1238 687 1386 726; x_wconf 83' lang='lat' dir='ltr'><strong>fidem?</strong></span> 
     </span>
     <span class='ocr_line' id='line_1_10' title="bbox 166 737 1291 799; baseline 0.014 -25"><span class='ocrx_word' id='word_1_47' title='bbox 166 749 287 777; x_wconf 83' lang='lat'>227—228</span> <span class='ocrx_word' id='word_1_48' title='bbox 312 737 318 748; x_wconf 86' lang='lat'><em>&#39;</em></span> <span class='ocrx_word' id='word_1_49' title='bbox 420 746 565 794; x_wconf 75' lang='lat' dir='ltr'><strong>Neque</strong></span> <span class='ocrx_word' id='word_1_50' title='bbox 586 748 681 787; x_wconf 86' lang='lat' dir='ltr'><strong>dedi</strong></span> <span class='ocrx_word' id='word_1_51' title='bbox 702 763 836 796; x_wconf 88' lang='lat' dir='ltr'><strong>neque</strong></span> <span class='ocrx_word' id='word_1_52' title='bbox 857 749 909 788; x_wconf 89' lang='lat' dir='ltr'><strong>do</strong></span> <span class='ocrx_word' id='word_1_53' title='bbox 930 750 1084 789; x_wconf 88' lang='lat' dir='ltr'>infideli</span> <span class='ocrx_word' id='word_1_54' title='bbox 1104 754 1291 799; x_wconf 83' lang='lat' dir='ltr'><strong>cuiquam</strong></span> 
     </span>
    </p>
   </div>
   <div class='ocr_carea' id='block_1_7' title="bbox 198 974 276 1008">
    <p class='ocr_par' dir='ltr' id='par_1_7' title="bbox 198 974 276 1008">
     <span class='ocr_line' id='line_1_11' title="bbox 198 974 276 1008; baseline 0 0"><span class='ocrx_word' id='word_1_55' title='bbox 198 974 276 1008; x_wconf 86' lang='lat'><strong>103</strong></span> 
     </span>
    </p>
   </div>
   <div class='ocr_carea' id='block_1_8' title="bbox 194 1692 270 1725">
    <p class='ocr_par' dir='ltr' id='par_1_8' title="bbox 194 1692 270 1725">
     <span class='ocr_line' id='line_1_12' title="bbox 194 1692 270 1725; baseline 0.013 -1"><span class='ocrx_word' id='word_1_56' title='bbox 194 1692 270 1725; x_wconf 84' lang='lat'><strong>104</strong></span> 
     </span>
    </p>
   </div>
   <div class='ocr_carea' id='block_1_9' title="bbox 303 838 1496 1606">
    <p class='ocr_par' dir='ltr' id='par_1_9' title="bbox 305 838 1496 942">
     <span class='ocr_line' id='line_1_13' title="bbox 307 838 1496 888; baseline 0.007 -15"><span class='ocrx_word' id='word_1_57' title='bbox 307 849 550 883; x_wconf 84' lang='lat' dir='ltr'><strong>quamquam</strong></span> <span class='ocrx_word' id='word_1_58' title='bbox 579 838 630 875; x_wconf 88' lang='lat' dir='ltr'><strong>ab</strong></span> <span class='ocrx_word' id='word_1_59' title='bbox 659 841 783 885; x_wconf 91' lang='lat' dir='ltr'><strong>impio</strong></span> <span class='ocrx_word' id='word_1_60' title='bbox 812 852 909 886; x_wconf 88' lang='lat' dir='ltr'><strong>rege</strong></span> <span class='ocrx_word' id='word_1_61' title='bbox 939 840 1099 888; x_wconf 88' lang='lat' dir='ltr'><strong>dicitur,</strong></span> <span class='ocrx_word' id='word_1_62' title='bbox 1120 841 1329 880; x_wconf 89' lang='lat' dir='ltr'><strong>luculente</strong></span> <span class='ocrx_word' id='word_1_63' title='bbox 1358 847 1496 881; x_wconf 86' lang='lat' dir='ltr'><strong>tamen</strong></span> 
     </span>
     <span class='ocr_line' id='line_1_14' title="bbox 305 902 463 942; baseline 0.013 -2"><span class='ocrx_word' id='word_1_64' title='bbox 305 902 463 942; x_wconf 88' lang='lat' dir='ltr'><strong>dicitur.</strong></span> 
     </span>
    </p>

    <p class='ocr_par' dir='ltr' id='par_1_10' title="bbox 303 971 1495 1399">
     <span class='ocr_line' id='line_1_15' title="bbox 362 971 1495 1021; baseline 0.006 -12"><span class='ocrx_word' id='word_1_65' title='bbox 362 971 536 1010; x_wconf 90' lang='lat' dir='ltr'><strong>Addunt</strong></span> <span class='ocrx_word' id='word_1_66' title='bbox 575 976 712 1020; x_wconf 88' lang='lat' dir='ltr'><strong>etiam,</strong></span> <span class='ocrx_word' id='word_1_67' title='bbox 752 987 874 1021; x_wconf 91' lang='lat' dir='ltr'><strong>quem</strong></span> <span class='ocrx_word' id='word_1_68' title='bbox 911 975 963 1013; x_wconf 90' lang='lat' dir='ltr'><strong>ad</strong></span> <span class='ocrx_word' id='word_1_69' title='bbox 1001 975 1167 1014; x_wconf 91' lang='lat' dir='ltr'><strong>modum</strong></span> <span class='ocrx_word' id='word_1_70' title='bbox 1204 990 1278 1016; x_wconf 88' lang='lat' dir='ltr'><strong>nos</strong></span> <span class='ocrx_word' id='word_1_71' title='bbox 1316 977 1495 1016; x_wconf 86' lang='lat' dir='ltr'><strong>dicamus</strong></span> 
     </span>
     <span class='ocr_line' id='line_1_16' title="bbox 305 1038 1493 1091; baseline 0.007 -15"><span class='ocrx_word' id='word_1_72' title='bbox 305 1038 432 1077; x_wconf 89' lang='lat' dir='ltr'><strong>videri</strong></span> <span class='ocrx_word' id='word_1_73' title='bbox 462 1040 662 1086; x_wconf 84' lang='lat' dir='ltr'><strong>quaedam</strong></span> <span class='ocrx_word' id='word_1_74' title='bbox 690 1042 819 1088; x_wconf 88' lang='lat' dir='ltr'><strong>utilia,</strong></span> <span class='ocrx_word' id='word_1_75' title='bbox 840 1055 943 1089; x_wconf 89' lang='lat' dir='ltr'><strong>quae</strong></span> <span class='ocrx_word' id='word_1_76' title='bbox 973 1056 1055 1081; x_wconf 91' lang='lat' dir='ltr'><strong>non</strong></span> <span class='ocrx_word' id='word_1_77' title='bbox 1085 1046 1179 1091; x_wconf 87' lang='lat' dir='ltr'><strong>sint,</strong></span> <span class='ocrx_word' id='word_1_78' title='bbox 1200 1047 1256 1082; x_wconf 93' lang='lat' dir='ltr'><strong>sic</strong></span> <span class='ocrx_word' id='word_1_79' title='bbox 1285 1058 1328 1083; x_wconf 91' lang='lat' dir='ltr'><strong>se</strong></span> <span class='ocrx_word' id='word_1_80' title='bbox 1356 1045 1493 1084; x_wconf 88' lang='lat' dir='ltr'><strong>dicere</strong></span> 
     </span>
     <span class='ocr_line' id='line_1_17' title="bbox 304 1099 1493 1156; baseline 0.007 -16"><span class='ocrx_word' id='word_1_81' title='bbox 304 1103 431 1141; x_wconf 89' lang='lat' dir='ltr'><strong>videri</strong></span> <span class='ocrx_word' id='word_1_82' title='bbox 466 1104 665 1151; x_wconf 86' lang='lat' dir='ltr'><strong>quaedam</strong></span> <span class='ocrx_word' id='word_1_83' title='bbox 699 1105 884 1153; x_wconf 85' lang='lat' dir='ltr'><strong>honesta,</strong></span> <span class='ocrx_word' id='word_1_84' title='bbox 914 1120 1018 1154; x_wconf 87' lang='lat' dir='ltr'><strong>quae</strong></span> <span class='ocrx_word' id='word_1_85' title='bbox 1056 1121 1139 1146; x_wconf 90' lang='lat' dir='ltr'><strong>non</strong></span> <span class='ocrx_word' id='word_1_86' title='bbox 1172 1111 1267 1156; x_wconf 89' lang='lat' dir='ltr'><strong>sint,</strong></span> <span class='ocrx_word' id='word_1_87' title='bbox 1299 1099 1384 1148; x_wconf 86' lang='lat' dir='ltr'><strong>“ut</strong></span> <span class='ocrx_word' id='word_1_88' title='bbox 1415 1109 1493 1148; x_wconf 91' lang='lat' dir='ltr'><strong>hoc</strong></span> 
     </span>
     <span class='ocr_line' id='line_1_18' title="bbox 304 1168 1493 1217; baseline 0.007 -13"><span class='ocrx_word' id='word_1_89' title='bbox 304 1170 435 1214; x_wconf 88' lang='lat' dir='ltr'><strong>ipsum</strong></span> <span class='ocrx_word' id='word_1_90' title='bbox 464 1168 626 1206; x_wconf 87' lang='lat' dir='ltr'><strong>videtur</strong></span> <span class='ocrx_word' id='word_1_91' title='bbox 655 1169 887 1217; x_wconf 87' lang='lat' dir='ltr'><strong>honestum,</strong></span> <span class='ocrx_word' id='word_1_92' title='bbox 918 1172 1182 1211; x_wconf 82' lang='lat' dir='ltr'><strong>conservandi</strong></span> <span class='ocrx_word' id='word_1_93' title='bbox 1211 1175 1306 1212; x_wconf 87' lang='lat' dir='ltr'><strong>iuris</strong></span> <span class='ocrx_word' id='word_1_94' title='bbox 1327 1173 1493 1212; x_wconf 75' lang='lat' dir='ltr'><strong>iurandi</strong></span> 
     </span>
     <span class='ocr_line' id='line_1_19' title="bbox 304 1231 1494 1285; baseline 0.007 -17"><span class='ocrx_word' id='word_1_95' title='bbox 304 1244 422 1269; x_wconf 87' lang='lat' dir='ltr'><strong>causa</strong></span> <span class='ocrx_word' id='word_1_96' title='bbox 441 1231 494 1269; x_wconf 87' lang='lat' dir='ltr'><strong>ad</strong></span> <span class='ocrx_word' id='word_1_97' title='bbox 514 1235 736 1271; x_wconf 87' lang='lat' dir='ltr'><strong>cruciatum</strong></span> <span class='ocrx_word' id='word_1_98' title='bbox 751 1237 986 1280; x_wconf 85' lang='lat' dir='ltr'><strong>revertisse3</strong></span> <span class='ocrx_word' id='word_1_99' title='bbox 1016 1235 1087 1274; x_wconf 90' lang='lat' dir='ltr'><strong>sed</strong></span> <span class='ocrx_word' id='word_1_100' title='bbox 1103 1236 1150 1274; x_wconf 87' lang='lat' dir='ltr'><strong>fit</strong></span> <span class='ocrx_word' id='word_1_101' title='bbox 1164 1250 1247 1275; x_wconf 92' lang='lat' dir='ltr'><strong>non</strong></span> <span class='ocrx_word' id='word_1_102' title='bbox 1261 1235 1494 1285; x_wconf 88' lang='lat' dir='ltr'><strong>honestum,</strong></span> 
     </span>
     <span class='ocr_line' id='line_1_20' title="bbox 303 1295 1494 1348; baseline 0.007 -16"><span class='ocrx_word' id='word_1_103' title='bbox 303 1298 409 1342; x_wconf 92' lang='lat' dir='ltr'><strong>quia,</strong></span> <span class='ocrx_word' id='word_1_104' title='bbox 430 1295 539 1343; x_wconf 92' lang='lat' dir='ltr'><strong>quod</strong></span> <span class='ocrx_word' id='word_1_105' title='bbox 559 1310 632 1344; x_wconf 88' lang='lat' dir='ltr'><strong>per</strong></span> <span class='ocrx_word' id='word_1_106' title='bbox 652 1300 733 1335; x_wconf 90' lang='lat' dir='ltr'><strong>vim</strong></span> <span class='ocrx_word' id='word_1_107' title='bbox 753 1297 932 1336; x_wconf 91' lang='lat' dir='ltr'><strong>hostium</strong></span> <span class='ocrx_word' id='word_1_108' title='bbox 953 1305 1061 1338; x_wconf 86' lang='lat' dir='ltr'><strong>esset</strong></span> <span class='ocrx_word' id='word_1_109' title='bbox 1079 1305 1229 1348; x_wconf 86' lang='lat' dir='ltr'><strong>actum,</strong></span> <span class='ocrx_word' id='word_1_110' title='bbox 1250 1306 1383 1340; x_wconf 83' lang='lat' dir='ltr'><strong>ratum</strong></span> <span class='ocrx_word' id='word_1_111' title='bbox 1406 1315 1494 1340; x_wconf 87' lang='lat' dir='ltr'><strong>esse</strong></span> 
     </span>
     <span class='ocr_line' id='line_1_21' title="bbox 304 1359 589 1399; baseline 0.007 -2"><span class='ocrx_word' id='word_1_112' title='bbox 304 1373 386 1398; x_wconf 93' lang='lat' dir='ltr'><strong>non</strong></span> <span class='ocrx_word' id='word_1_113' title='bbox 406 1359 589 1399; x_wconf 90' lang='lat' dir='ltr'><strong>debuit.”</strong></span> 
     </span>
    </p>

    <p class='ocr_par' dir='ltr' id='par_1_11' title="bbox 304 1424 1494 1535">
     <span class='ocr_line' id='line_1_22' title="bbox 359 1424 1494 1476; baseline 0.007 -15"><span class='ocrx_word' id='word_1_114' title='bbox 359 1424 532 1462; x_wconf 84' lang='lat' dir='ltr'><strong>Addunt</strong></span> <span class='ocrx_word' id='word_1_115' title='bbox 563 1427 700 1472; x_wconf 84' lang='lat' dir='ltr'><strong>etiam,</strong></span> <span class='ocrx_word' id='word_1_116' title='bbox 731 1427 924 1473; x_wconf 90' lang='lat' dir='ltr'><strong>quicquid</strong></span> <span class='ocrx_word' id='word_1_117' title='bbox 955 1427 1072 1466; x_wconf 83' lang='lat' dir='ltr'><strong>valde</strong></span> <span class='ocrx_word' id='word_1_118' title='bbox 1106 1428 1207 1468; x_wconf 88' lang='lat' dir='ltr'><strong>utile</strong></span> <span class='ocrx_word' id='word_1_119' title='bbox 1238 1431 1304 1476; x_wconf 91' lang='lat' dir='ltr'><strong>sit,</strong></span> <span class='ocrx_word' id='word_1_120' title='bbox 1335 1429 1378 1468; x_wconf 93' lang='lat' dir='ltr'><strong>id</strong></span> <span class='ocrx_word' id='word_1_121' title='bbox 1409 1429 1494 1468; x_wconf 85' lang='lat' dir='ltr'><strong>fieri</strong></span> 
     </span>
     <span class='ocr_line' id='line_1_23' title="bbox 304 1488 1194 1535; baseline 0.007 -10"><span class='ocrx_word' id='word_1_122' title='bbox 304 1488 533 1535; x_wconf 92' lang='lat' dir='ltr'><strong>honestum,</strong></span> <span class='ocrx_word' id='word_1_123' title='bbox 556 1492 714 1528; x_wconf 87' lang='lat' dir='ltr'><strong>etiamsi</strong></span> <span class='ocrx_word' id='word_1_124' title='bbox 734 1496 856 1530; x_wconf 88' lang='lat' dir='ltr'><strong>antea</strong></span> <span class='ocrx_word' id='word_1_125' title='bbox 875 1505 958 1529; x_wconf 91' lang='lat' dir='ltr'><strong>non</strong></span> <span class='ocrx_word' id='word_1_126' title='bbox 978 1492 1194 1531; x_wconf 89' lang='lat' dir='ltr'><strong>videretur.</strong></span> 
     </span>
    </p>

    <p class='ocr_par' dir='ltr' id='par_1_12' title="bbox 358 1551 1490 1606">
     <span class='ocr_line' id='line_1_24' title="bbox 358 1551 1490 1606; baseline 0.006 -16"><span class='ocrx_word' id='word_1_127' title='bbox 358 1552 475 1591; x_wconf 88' lang='lat' dir='ltr'><strong>Haec</strong></span> <span class='ocrx_word' id='word_1_128' title='bbox 502 1553 587 1592; x_wconf 91' lang='lat' dir='ltr'><strong>fere</strong></span> <span class='ocrx_word' id='word_1_129' title='bbox 615 1559 756 1593; x_wconf 87' lang='lat' dir='ltr'><strong>contra</strong></span> <span class='ocrx_word' id='word_1_130' title='bbox 785 1555 995 1602; x_wconf 88' lang='lat' dir='ltr'><strong>Regulum.</strong></span> <span class='ocrx_word' id='word_1_131' title='bbox 1057 1556 1139 1595; x_wconf 91' lang='lat' dir='ltr'><strong>Sed</strong></span> <span class='ocrx_word' id='word_1_132' title='bbox 1161 1559 1290 1605; x_wconf 80' lang='lat' dir='ltr'><strong>prima</strong></span> <span class='ocrx_word' id='word_1_133' title='bbox 1308 1551 1490 1606; x_wconf 62' lang='grc' dir='ltr'><strong>(μιαεριιε4</strong></span> 
     </span>
    </p>
   </div>
   <div class='ocr_carea' id='block_1_10' title="bbox 300 1623 516 1663">
    <p class='ocr_par' dir='ltr' id='par_1_13' title="bbox 300 1623 516 1663">
     <span class='ocr_line' id='line_1_25' title="bbox 300 1623 516 1663; baseline 0.009 -2"><span class='ocrx_word' id='word_1_134' title='bbox 300 1623 516 1663; x_wconf 89' lang='lat' dir='ltr'><strong>videamus.</strong></span> 
     </span>
    </p>
   </div>
   <div class='ocr_carea' id='block_1_11' title="bbox 300 1679 1487 1802">
    <p class='ocr_par' dir='ltr' id='par_1_14' title="bbox 300 1679 1487 1802">
     <span class='ocr_line' id='line_1_26' title="bbox 356 1679 1487 1739; baseline 0.008 -14"><span class='ocrx_word' id='word_1_135' title='bbox 356 1688 506 1727; x_wconf 91' lang='lat' dir='ltr'>XXIX.</span> <span class='ocrx_word' id='word_1_136' title='bbox 541 1679 567 1697; x_wconf 82' lang='lat'><em>“</em></span> <span class='ocrx_word' id='word_1_137' title='bbox 580 1689 672 1728; x_wconf 90' lang='lat' dir='ltr'><strong>Non</strong></span> <span class='ocrx_word' id='word_1_138' title='bbox 697 1690 775 1729; x_wconf 86' lang='lat' dir='ltr'><strong>fuit</strong></span> <span class='ocrx_word' id='word_1_139' title='bbox 808 1691 992 1739; x_wconf 88' lang='lat' dir='ltr'><strong>Iuppiter</strong></span> <span class='ocrx_word' id='word_1_140' title='bbox 1015 1693 1260 1732; x_wconf 89' lang='lat' dir='ltr'><strong>metuendus</strong></span> <span class='ocrx_word' id='word_1_141' title='bbox 1285 1707 1338 1732; x_wconf 90' lang='lat' dir='ltr'><strong>ne</strong></span> <span class='ocrx_word' id='word_1_142' title='bbox 1363 1697 1487 1734; x_wconf 84' lang='lat' dir='ltr'><strong>iratus</strong></span> 
     </span>
     <span class='ocr_line' id='line_1_27' title="bbox 300 1756 1285 1802; baseline 0.006 -12"><span class='ocrx_word' id='word_1_143' title='bbox 300 1758 480 1800; x_wconf 87' lang='lat' dir='ltr'><strong>noceret,</strong></span> <span class='ocrx_word' id='word_1_144' title='bbox 501 1757 569 1800; x_wconf 92' lang='lat' dir='ltr'><strong>qui</strong></span> <span class='ocrx_word' id='word_1_145' title='bbox 591 1767 724 1802; x_wconf 90' lang='lat' dir='ltr'><strong>neque</strong></span> <span class='ocrx_word' id='word_1_146' title='bbox 744 1758 859 1794; x_wconf 86' lang='lat' dir='ltr'><strong>irasci</strong></span> <span class='ocrx_word' id='word_1_147' title='bbox 880 1756 984 1795; x_wconf 87' lang='lat' dir='ltr'><strong>solet</strong></span> <span class='ocrx_word' id='word_1_148' title='bbox 1003 1770 1080 1795; x_wconf 89' lang='lat' dir='ltr'><strong>nec</strong></span> <span class='ocrx_word' id='word_1_149' title='bbox 1100 1757 1285 1797; x_wconf 85' lang='lat' dir='ltr'><strong>nocere.&#39;’</strong></span> 
     </span>
    </p>
   </div>
   <div class='ocr_carea' id='block_1_12' title="bbox 339 1845 1370 1984">
    <p class='ocr_par' dir='ltr' id='par_1_15' title="bbox 339 1845 1360 1984">
     <span class='ocr_line' id='line_1_28' title="bbox 345 1845 807 1890; baseline 0.002 -8"><span class='ocrx_word' id='word_1_150' title='bbox 345 1845 462 1882; x_wconf 87' lang='lat' dir='ltr'><strong>¹Num</strong></span> <span class='ocrx_word' id='word_1_151' title='bbox 481 1850 589 1890; x_wconf 83' lang='lat' dir='ltr'><strong>Edd.;</strong></span> <span class='ocrx_word' id='word_1_152' title='bbox 615 1863 684 1883; x_wconf 88' lang='lat' dir='ltr'><strong>non</strong></span> <span class='ocrx_word' id='word_1_153' title='bbox 704 1852 807 1884; x_wconf 89' lang='lat' dir='ltr'>MSS.</span> 
     </span>
     <span class='ocr_line' id='line_1_29' title="bbox 342 1890 1132 1933; baseline 0.006 -8"><span class='ocrx_word' id='word_1_154' title='bbox 342 1890 355 1910; x_wconf 83' lang='lat'><strong>¹</strong></span> <span class='ocrx_word' id='word_1_155' title='bbox 368 1893 518 1926; x_wconf 80' lang='lat' dir='ltr'><strong>habebat</strong></span> <span class='ocrx_word' id='word_1_156' title='bbox 534 1895 561 1926; x_wconf 92' lang='lat' dir='ltr'>L</span> <span class='ocrx_word' id='word_1_157' title='bbox 577 1906 608 1933; x_wconf 93' lang='lat' dir='ltr'><strong>c,</strong></span> <span class='ocrx_word' id='word_1_158' title='bbox 629 1895 737 1933; x_wconf 82' lang='lat' dir='ltr'><strong>Edd..</strong></span> <span class='ocrx_word' id='word_1_159' title='bbox 755 1896 896 1928; x_wconf 78' lang='lat' dir='ltr'><strong>habebit</strong></span> <span class='ocrx_word' id='word_1_160' title='bbox 911 1897 942 1929; x_wconf 89' lang='lat' dir='ltr'><strong>A</strong></span> <span class='ocrx_word' id='word_1_161' title='bbox 960 1897 987 1929; x_wconf 90' lang='lat' dir='ltr'>B</span> <span class='ocrx_word' id='word_1_162' title='bbox 1008 1897 1040 1928; x_wconf 85' lang='lat' dir='ltr'>H</span> <span class='ocrx_word' id='word_1_163' title='bbox 1059 1909 1082 1930; x_wconf 86' lang='lat' dir='ltr'><strong>a</strong></span> <span class='ocrx_word' id='word_1_164' title='bbox 1099 1897 1132 1931; x_wconf 86' lang='lat' dir='ltr'><strong>b.</strong></span> 
     </span>
     <span class='ocr_line' id='line_1_30' title="bbox 339 1934 1370 1984; baseline 0.007 -16"><span class='ocrx_word' id='word_1_165' title='bbox 339 1934 531 1979; x_wconf 68' lang='lat' dir='ltr'><strong>‘&#39;fregistin</strong></span> <span class='ocrx_word' id='word_1_166' title='bbox 550 1939 659 1970; x_wconf 87' lang='lat' dir='ltr'><strong>Edd.·</strong></span> <span class='ocrx_word' id='word_1_167' title='bbox 651 1940 766 1982; x_wconf 75' lang='lat' dir='ltr'><strong>‚freg</strong></span> <span class='ocrx_word' id='word_1_168' title='bbox 764 1940 871 1972; x_wconf 81' lang='lat' dir='ltr'><strong>istine</strong></span> <span class='ocrx_word' id='word_1_169' title='bbox 887 1940 917 1972; x_wconf 85' lang='lat' dir='ltr'><strong>A</strong></span> <span class='ocrx_word' id='word_1_170' title='bbox 937 1941 963 1972; x_wconf 87' lang='grc' dir='ltr'><strong>Β</strong></span> <span class='ocrx_word' id='word_1_171' title='bbox 983 1941 1015 1972; x_wconf 88' lang='lat' dir='ltr'><strong>H</strong></span> <span class='ocrx_word' id='word_1_172' title='bbox 1035 1952 1058 1973; x_wconf 84' lang='lat' dir='ltr'><strong>a</strong></span> <span class='ocrx_word' id='word_1_173' title='bbox 1075 1941 1115 1979; x_wconf 86' lang='lat' dir='ltr'><strong>b;</strong></span> <span class='ocrx_word' id='word_1_174' title='bbox 1130 1942 1221 1984; x_wconf 81' lang='lat' dir='ltr'><strong>freg</strong></span> <span class='ocrx_word' id='word_1_175' title='bbox 1219 1943 1284 1974; x_wconf 77' lang='lat' dir='ltr'><strong>isti</strong></span> <span class='ocrx_word' id='word_1_176' title='bbox 1298 1943 1325 1975; x_wconf 90' lang='lat' dir='ltr'>L</span> <span class='ocrx_word' id='word_1_177' title='bbox 1341 1953 1370 1976; x_wconf 91' lang='lat' dir='ltr'><strong>c.</strong></span> 
     </span>
    </p>
   </div>
   <div class='ocr_carea' id='block_1_13' title="bbox 301 1980 1484 2058">
    <p class='ocr_par' dir='ltr' id='par_1_16' title="bbox 301 1980 1484 2058">
     <span class='ocr_line' id='line_1_31' title="bbox 301 1980 1484 2058; baseline 0.008 -46"><span class='ocrx_word' id='word_1_178' title='bbox 301 1980 523 2058; x_wconf 63' lang='lat' dir='ltr'><strong>Ed.quaeque</strong></span> <span class='ocrx_word' id='word_1_179' title='bbox 538 1983 828 2023; x_wconf 84' lang='lat' dir='ltr'><strong>Forchhammer,</strong></span> <span class='ocrx_word' id='word_1_180' title='bbox 846 1985 880 2016; x_wconf 88' lang='grc' dir='ltr'><strong>Μ</strong></span> <span class='ocrx_word' id='word_1_181' title='bbox 887 1986 984 2024; x_wconf 79' lang='lat' dir='ltr'><strong>iiller,</strong></span> <span class='ocrx_word' id='word_1_182' title='bbox 1000 1985 1136 2024; x_wconf 88' lang='lat' dir='ltr'><strong>Heine·</strong></span> <span class='ocrx_word' id='word_1_183' title='bbox 1150 1987 1259 2019; x_wconf 85' lang='lat' dir='ltr'><strong>notin</strong></span> <span class='ocrx_word' id='word_1_184' title='bbox 1273 1987 1394 2028; x_wconf 79' lang='lat' dir='ltr'><strong>MSS..</strong></span> <span class='ocrx_word' id='word_1_185' title='bbox 1410 1988 1468 2022; x_wconf 87' lang='lat' dir='ltr'><strong>Bt.</strong></span> <span class='ocrx_word' id='word_1_186' title='bbox 1457 2011 1484 2030; x_wconf 82' lang='lat'><strong>.,</strong></span> 
     </span>
    </p>
   </div>
   <div class='ocr_carea' id='block_1_14' title="bbox 407 2085 486 2120">
    <p class='ocr_par' dir='ltr' id='par_1_17' title="bbox 407 2085 486 2120">
     <span class='ocr_line' id='line_1_32' title="bbox 407 2085 486 2120; baseline 0 -1"><span class='ocrx_word' id='word_1_187' title='bbox 407 2085 486 2120; x_wconf 87' lang='grc'><strong>380</strong></span> 
     </span>
    </p>
   </div>
  </div>
 </body>
</html>
