1546 2294
176 788 250 822 138

575 120 776 161 CICERO
807 121 883 160 DE
913 122 1150 163 OFFICIIS

339 202 510 241 Rectum
544 207 607 241 est
635 208 775 242 autem
802 206 925 242 etiam
954 207 997 242 in
1023 204 1103 243 illis
1130 205 1473 253 contentionibus,

280 281 384 315 quae
414 280 507 305 cum
536 270 823 307 inimicissimis
851 268 969 316 fiunt,
990 272 1149 308 etiamsi
1169 270 1286 308 nobis
1305 269 1475 317 indigna

280 332 501 379 audiamus,
540 336 679 370 tamen
717 335 961 380 gravitatem
999 336 1190 381 retinere,
1225 333 1474 373 iracundiam

281 396 444 444 pellere.
496 395 612 443 Quae
633 399 743 434 enim
763 410 856 435 cum
874 397 1010 444 aliqua
1029 398 1338 445 perturbatione
1357 397 1474 445 fiunt,

281 474 330 499 ea
348 474 425 498 nec
446 466 681 499 constanter
700 461 786 499 fieri
806 467 976 509 possunt
994 475 1129 509 neque
1149 465 1210 509 iis,
1223 465 1293 510 qui
1311 462 1474 510 adsunt,

281 526 452 573 probari.

338 589 533 627 Deforme
562 592 687 628 etiam
717 594 781 628 est
806 589 859 628 de
886 603 929 628 se
956 592 1089 638 ipsum
1115 590 1348 638 praedicare
1375 590 1474 629 falsa

282 657 520 702 praesertim
540 659 584 692 et
604 667 696 692 cum
720 657 902 693 irrisione
926 655 1182 693 audientium
1200 658 1351 693 imitari
1369 655 1474 694 mili-

281 724 367 757 tem
386 717 618 765 gloriosum.

337 783 530 821 XXXIX.
568 783 622 821 Et
653 786 844 830 quoniam
874 786 1010 822 omnia
1040 786 1333 832 persequimur,
1365 783 1477 823 volu-

280 861 370 887 mus
408 847 575 895 quidem
613 853 738 895 certe,
780 847 1000 886 dicendum
1039 853 1102 886 est
1142 851 1279 896 etiam,
1315 849 1476 896 qualem
1543 870 1546 885 =

282 913 457 951 hominis
485 911 673 950 honorati
703 917 746 950 et
775 915 968 960 principis
997 912 1163 950 domum
1189 912 1350 960 placeat
1376 926 1478 960 esse,
1541 904 1546 952 ἕ

283 980 395 1016 cuius
428 976 518 1015 finis
551 982 615 1015 est
654 970 777 1023 usus‚¹
809 976 861 1014 ad
895 990 1017 1024 quem
1045 977 1477 1016 accommodanda'est
1544 955 1546 985 ξ

282 1040 521 1080 aedificandi
547 1041 766 1088 descriptio
798 1046 841 1079 et
871 1046 1011 1079 tamen
1039 1041 1272 1080 adhibenda
1301 1054 1477 1081 commo-

283 1106 423 1145 ditatis
443 1105 735 1152 dignitatisque
755 1104 978 1152 diligentia.

341 1171 411 1209 Cn.
447 1170 632 1217 Octavio,
664 1172 733 1217 qui
771 1172 923 1217 primus
962 1183 1012 1208 ex
1050 1170 1120 1208 illa
1153 1169 1305 1208 familia
1337 1171 1476 1210 consul
1520 1171 1524 1174 ’

285 1236 416 1274 factus
436 1239 512 1281 est,
533 1234 676 1272 honori
696 1233 819 1272 fuisse
838 1237 1081 1282 accepimus,
1101 1234 1210 1282 quod
1233 1234 1478 1282 praeclaram

286 1299 538 1338 aedificasset
561 1301 604 1336 in
630 1297 783 1336 Palatio
808 1303 851 1336 et
875 1298 1039 1346 plenam
1062 1299 1274 1346 dignitatis
1293 1299 1480 1345 domum;

286 1377 389 1412 quae
423 1376 515 1401 cum
542 1362 664 1409 vulgo
689 1365 899 1409 viseretur,
927 1362 1142 1410 suffragata
1171 1363 1348 1411 domino,
1377 1377 1482 1402 novo

286 1429 454 1474 homini,
493 1427 545 1465 ad
584 1427 839 1465 consulatum
877 1427 1122 1474 putabatur3
1166 1427 1272 1465 hanc
1310 1427 1481 1467 Scaurus

286 1492 504 1532 demolitus
542 1494 814 1529 accessionem
852 1491 1038 1529 adiunxit
1076 1491 1253 1530 aedibus.
1335 1491 1479 1540 Itaque

286 1557 355 1595 ille
379 1559 421 1594 in
447 1569 560 1594 suam
584 1555 750 1593 domum
773 1555 1027 1593 consulatum
1050 1558 1202 1603 primus
1225 1555 1378 1603 attulit,
1399 1555 1478 1604 hic,

239 1638 246 1644 ·
285 1623 431 1660 summi
461 1625 504 1658 et
534 1620 741 1658 clarissimi
771 1622 844 1657 viri
874 1619 990 1666 filius,
1015 1622 1058 1657 in
1086 1619 1252 1658 domum
1280 1619 1477 1668 multipli-

180 1756 256 1796 139

286 1691 417 1725 catam
436 1698 519 1723 non
544 1684 746 1732 repulsam
770 1683 900 1722 solum
923 1684 1098 1731 rettulit,
1118 1684 1191 1723 sed
1214 1687 1476 1732 ignominiam

286 1754 410 1790 etiam
430 1755 474 1788 et
486 1742 502 1766 ²
522 1749 807 1787 calamitatem.
870 1748 1065 1788 Ornanda
1089 1751 1198 1787 enim
1219 1754 1282 1788 est
1301 1749 1479 1797 dignitas

286 1816 418 1862 domo,
457 1827 540 1852 non
580 1826 630 1851 ex
669 1813 789 1851 domo
828 1818 918 1851 tota
955 1813 1200 1860 quaerenda,
1239 1826 1316 1852 nec
1358 1813 1479 1852 domo

284 1880 483 1926 dominus,
508 1877 580 1916 sed
610 1877 774 1916 domino
804 1877 947 1915 domus
966 1876 1222 1916 honestanda
1250 1882 1327 1925 est,
1351 1883 1407 1925 et,
1431 1883 1478 1917 ut

504 2012 767 2051 'estusuch,
789 2011 1095 2050 Edd.;etusus13
1114 2012 1239 2045 Hab.

502 2056 655 2095 ⁸etLe,
676 2057 863 2095 Edd.;not
879 2056 913 2088 in
932 2057 959 2088 B
979 2057 1013 2088 H
1032 2056 1066 2089 b.

399 2115 475 2150 140
