1546 2294
208 597 261 639 64

589 107 788 147 CICERO
818 108 895 146 DE
924 108 1161 149 OFFICIIS

292 193 457 240 quidem
479 193 597 241 volgo
617 193 781 232 solitum
805 193 890 232 fieri
917 195 968 232 ab
994 195 1136 233 ordine
1165 201 1304 235 nostro
1329 199 1372 236 in
1397 211 1484 236 ora-

295 263 406 299 tione
429 261 557 299 Crassi
578 265 773 308 scriptum
793 264 953 309 copiose
975 262 1168 302 videmus.
1230 265 1352 303 Hane
1374 257 1486 314 ergo¹

294 329 631 368 consuetudinem
639 330 904 376 benignitatis
913 330 1117 377 largitioni
1125 345 1339 371 munerum
1347 325 1489 381 longe²

293 401 519 443 antepono;
560 395 661 435 haec
700 402 764 435 est
796 399 980 444 gravium
1010 397 1220 437 hominum
1248 405 1372 447 atque
1401 414 1485 438 ma-

293 478 479 511 gnorum,
500 464 568 502 illa
588 467 701 512 quasi
720 470 1017 503 assentatorum
1044 466 1183 514 populi
1208 468 1483 507 multitudinis

290 532 499 570 levitatem
520 532 728 580 voluptate
749 535 861 580 quasi
880 533 1146 572 titillantium.

348 600 572 638 Conveniet
600 605 739 638 autem
768 614 860 638 cum
890 603 933 638 in
962 601 1097 639 dando
1121 602 1355 642 munificum
1379 617 1481 651 esse,

292 673 381 706 tum
400 671 441 705 in
463 668 666 715 exigendo
681 682 763 706 non
779 669 970 707 acerbum
985 671 1029 707 in
1048 673 1240 717 omnique
1259 684 1303 709 re
1323 677 1482 710 contra-

291 735 440 782 henda‚
479 736 699 774 vendundo
748 737 937 784 emend0‚
985 737 1252 776 conducendo
1298 738 1482 787 locando,

290 805 565 842 vicinitatibus
604 809 647 842 et
686 804 881 852 confiniis,
919 818 1107 852 aequum,
1141 805 1316 854 facilem,
1354 807 1483 845 multa

287 872 427 910 multis
457 872 509 910 de
539 885 610 911 suo
639 875 725 911 iure
756 872 987 919 cedentem,
1007 887 1031 911 a
1055 873 1193 912 litibus
1219 887 1327 922 vere,
1356 888 1482 922 quan·

287 945 376 978 tum
414 940 537 979 liceat
575 946 619 979 et
652 944 789 979 neseio
821 954 874 979 an
908 941 1028 988 paulo
1062 941 1152 988 plus
1186 945 1323 990 etiam,
1358 956 1476 991 quam

286 1008 420 1055 liceat,
449 1008 748 1047 abhorrentem.
809 1008 884 1046 Est
913 1011 1022 1047 enim
1051 1023 1133 1047 non
1161 1010 1283 1048 modo
1310 1010 1477 1050 liberale

287 1076 451 1124 paulum
482 1090 565 1114 non
595 1090 816 1124 numquam
850 1077 903 1115 de
938 1090 1010 1115 suo
1042 1080 1129 1115 iure
1163 1077 1377 1125 decedere,
1403 1079 1475 1117 sed

287 1144 494 1183 interdum
514 1147 638 1182 etiam
658 1144 918 1183 fructuosum.
983 1145 1186 1184 Habenda
1209 1151 1348 1185 autem
1373 1150 1477 1186 ratio

288 1213 351 1246 est
377 1211 435 1246 rei
463 1207 682 1255 familiaris,
702 1222 823 1255 quam
847 1208 1012 1255 quidem
1040 1200 1189 1247 dilabi⁸
1207 1211 1340 1248 sinere
1366 1209 1477 1258 flagi-

290 1275 439 1310 tiosum
477 1277 553 1319 est,
589 1272 661 1310 sed
696 1275 765 1319 ita,
801 1277 848 1310 ut
886 1272 1170 1311 illiberalitatis
1208 1277 1479 1322 avaritiaeque

290 1337 396 1375 absit
415 1339 609 1384 suspicio;
636 1349 753 1384 posse
778 1339 887 1374 enim
912 1336 1157 1375 liberalitate
1178 1340 1238 1376 uti
1259 1351 1341 1376 non
1361 1339 1481 1386 spoli-

288 1406 428 1439 antem
461 1413 504 1439 se
532 1402 775 1448 patrimonio
800 1402 991 1439 nimirum
1018 1405 1082 1439 est
1107 1404 1304 1448 pecuniae
1325 1402 1479 1442 fructus

289 1467 497 1504 maximus.

347 1529 473 1567 Recte
486 1531 609 1567 etiam
622 1542 646 1566 a
658 1528 939 1576 Theophrasto
953 1534 1016 1567 est
1028 1528 1192 1567 laudata
1202 1528 1456 1577 hospitalitas
1467 1543 1479 1578 ;

288 1598 352 1631 est
382 1595 504 1639 enim,
537 1598 584 1631 ut
614 1593 714 1631 mihi
746 1593 912 1640 quidem
940 1593 1113 1640 videtur,
1141 1593 1258 1632 valde
1284 1593 1476 1634 decorum

288 1662 428 1705 patere
467 1657 609 1695 domus
648 1657 858 1695 hominum
886 1656 1103 1695 illustrium
1132 1656 1357 1705 hospitibus
1386 1658 1477 1698 illu-

288 1722 449 1768 stribus,
480 1721 603 1768 idque
638 1724 763 1759 etiam
802 1724 860 1759 rei
899 1721 1085 1768 publicae
1124 1726 1188 1760 est
1225 1728 1478 1770 ornamento,

287 1785 472 1824 homines
505 1790 695 1823 externos
730 1785 806 1823 hoc
838 1785 1092 1823 liberalitatis
1122 1798 1274 1832 genere
1306 1789 1348 1824 in
1379 1787 1478 1825 urbe

287 1855 425 1888 nostra
459 1863 541 1887 non
576 1862 709 1896 egere.
771 1849 846 1887 Est
883 1854 1021 1887 autem
1056 1852 1178 1887 etiam
1213 1849 1479 1888 vehementer

325 1948 427 1990 ¹ergo
445 1948 471 1979 B
492 1947 524 1979 H
543 1958 566 1978 a
584 1947 617 1983 b.
639 1948 779 1984 Miiller3
795 1958 855 1989 ego
874 1947 900 1978 L
916 1957 935 1979 e
953 1957 987 1989 p,
1007 1946 1231 1986 Lactantius,
1252 1947 1322 1985 131„
1344 1947 1460 1984 Heine

326 1991 450 2033 ²longe
468 1991 494 2022 L
511 2002 529 2023 c
547 2002 580 2033 p,
603 1991 825 2029 Lactantius,
845 1991 954 2028 Edd.;
979 1995 1039 2022 not
1058 1991 1090 2022 in
1111 1991 1137 2022 Β
1157 1990 1190 2022 H
1208 2001 1231 2023 a
1247 1990 1282 2029 b,

327 2035 466 2067 ‘dilabi
482 2036 508 2066 L
524 2045 555 2074 c,
576 2035 658 2074 Ed„
679 2035 809 2067 Heine:
832 2035 951 2067 delabi
966 2034 993 2070 B
1013 2035 1045 2066 H
1064 2045 1087 2067 a
1104 2034 1138 2072 b,
1161 2034 1214 2069 Bt.

394 2085 473 2126 236
