1546 2294
598 92 798 132 CICERO
829 93 906 131 DE
936 93 1172 134 OFFICIIS

301 175 423 223 Quod
462 189 552 214 cum
593 174 813 213 audivisset
849 175 1088 215 adulescens
1126 175 1245 225 filius,
1281 180 1495 226 negotium

302 248 486 287 exhiberi
525 250 643 295 patri,
682 250 900 286 accurrisse
941 247 1108 287 Romam
1148 255 1192 288 et
1230 262 1322 288 cum
1364 253 1494 299 primo

302 313 404 360 lucil
423 321 619 368 Pomponi
634 320 800 359 domum
815 323 974 359 venisse
989 321 1147 360 dicitur.
1191 322 1265 361 Cui
1280 336 1373 362 cum
1387 329 1496 363 esset

302 397 548 440 nuntiatum,
570 395 639 440 qui
658 393 774 431 illum
799 395 948 431 iratum
973 393 1190 432 allaturum
1209 395 1261 433 ad
1280 408 1324 434 se
1342 395 1494 444 aliquid

301 471 442 504 contra
461 471 620 513 patrem
640 466 917 512 arbitraretur,
938 469 1111 504 surrexit
1138 480 1161 505 e
1187 467 1339 506 lectulo
1364 481 1494 507 remo-

300 542 433 587 tisque
453 539 613 576 arbitris
632 538 684 576 ad
703 551 747 576 se
766 537 1072 577 adulescentem
1092 541 1208 578 iussit
1227 542 1376 579 venire.
1437 540 1496 580 At

299 612 382 659 ille,
409 617 456 650 ut
485 614 689 658 ingressus
720 616 795 657 est,
821 611 1036 649 confestim
1065 611 1246 658 gladium
1275 612 1495 653 destrinxit

299 687 526 732 iuravitque
565 697 608 722 se
643 683 758 721 illum
798 686 936 722 statim
968 683 1295 733 interfecturum,
1323 688 1401 724 nisi
1430 689 1493 726 ius

299 757 513 796 iurandum
534 757 610 795 sibi
631 755 812 794 dedisset
832 769 874 795 se
895 762 1054 804 patrem
1068 759 1235 796 missum
1255 770 1343 797 esse
1362 758 1492 797 factu-

191 1566 265 1599 113

299 844 398 869 rum.
462 829 614 868 Iuravit
633 829 709 867 hoc
738 834 891 867 terrore
919 834 1081 868 coactus
1110 829 1378 878 Pomponius;
1406 844 1492 870 rem

298 905 351 944 ad
379 904 574 953 populum
605 903 769 950 detulit,
790 903 941 951 docuit,
962 918 1032 942 cur
1060 905 1135 943 sibi
1156 918 1275 944 causa
1294 905 1491 945 desistere

300 990 466 1016 necesse
515 982 635 1024 esset,
676 976 874 1014 Manlium
923 979 1089 1015 missum
1136 977 1246 1016 fecit.
1314 978 1491 1018 Tantum

298 1051 549 1098 temporibus
568 1049 646 1087 illis
666 1052 727 1087 ius
747 1049 961 1087 iurandum
981 1049 1151 1089 valebat.

354 1124 493 1170 Atque
505 1122 572 1160 hic
588 1122 632 1160 T.
650 1122 826 1160 Manlius
846 1124 879 1160 is
895 1127 970 1169 est,
984 1125 1051 1169 qui
1073 1122 1125 1161 ad
1145 1122 1350 1162 Anienem
1370 1124 1490 1172 Galli,

298 1210 420 1245 quem
449 1197 500 1233 ab
530 1208 579 1233 eo
611 1199 849 1242 provocatus
878 1195 1095 1242 occiderat,
1124 1200 1270 1243 torque
1301 1195 1488 1235 detracto

299 1281 525 1317 cognomen
551 1270 721 1314 invenit,
749 1269 861 1305 cuius
891 1270 1015 1305 tertio
1039 1267 1248 1306 consulatu
1276 1268 1412 1307 Latini
1439 1269 1491 1308 ad

300 1343 482 1380 Veserim
502 1339 580 1377 fusi
601 1343 644 1377 et
670 1338 814 1385 fugati,
834 1352 1005 1385 magnus
1031 1342 1091 1377 vir
1119 1342 1163 1377 in
1186 1342 1324 1387 primis
1345 1346 1401 1388 et,
1420 1344 1489 1389 qui

298 1413 588 1462 perindulgens
623 1415 665 1449 in
704 1417 875 1459 patrem,
911 1411 1019 1450 idem
1059 1413 1204 1450 acerbe
1244 1425 1407 1452 severus
1446 1417 1488 1452 in

297 1487 433 1525 filium.

352 1557 526 1596 XXXII.
559 1556 654 1602 Sed,
669 1561 714 1594 ut
726 1556 951 1595 laudandus
967 1557 1145 1604 Regulus
1157 1559 1200 1595 in
1213 1558 1487 1597 conservando

295 1636 381 1671 iure
413 1631 595 1677 iurando,
625 1633 680 1668 sic
713 1630 856 1668 decem
887 1630 959 1677 illi,
979 1643 1078 1677 quos
1107 1635 1200 1678 post
1230 1631 1484 1669 Cannensem

294 1717 473 1753 pugnam
506 1706 657 1741 iuratos
688 1702 740 1740 ad
771 1707 957 1740 senatum
978 1705 1098 1758 'misit
1128 1702 1337 1740 Hannibal
1368 1715 1411 1742 se
1442 1706 1484 1742 in

294 1783 422 1816 castra
451 1777 651 1814 redituros
682 1789 742 1822 ea,
764 1788 935 1822 quorum
960 1780 1077 1813 erant
1100 1777 1219 1822 potiti
1249 1775 1387 1823 Poeni,
1407 1779 1484 1815 nisi

292 1851 343 1889 de
364 1848 611 1887 redimendis
632 1850 799 1895 captivis
827 1850 1166 1895 impetravissent,
1187 1850 1220 1885 si
1247 1860 1328 1885 non
1349 1848 1481 1887 redie-

291 1981 558 2059 A¹Bpfi⁰mobluci
574 1979 688 2019 Beier,
709 1979 838 2019 Heine,
857 1978 1071 2022 Ed.;primo
1094 1978 1186 2011 luct's
1200 1989 1237 2017 ος
1255 1979 1380 2022 prima
1402 1980 1479 2014 luce

431 2037 455 2057 a
493 2048 501 2057 .

398 2081 477 2120 392
