1520 2320
226 454 273 493 17

233 1275 281 1310 18

596 83 795 122 CICERO
827 82 903 121 DE
933 81 1169 122 OFFICIIS

302 179 452 224 quique
483 176 713 213 acutissime
746 178 790 211 et
820 173 1031 211 celerrime
1060 177 1198 220 potest
1224 177 1268 211 et
1291 170 1428 211 videre
1451 177 1496 211 et

303 244 505 292 explicare
528 244 741 288 rationem,
766 244 799 279 is
822 240 1160 289 prudentissimus
1184 245 1228 278 et
1251 241 1497 288 sapientissi-

302 326 392 351 mus
411 315 490 350 rite
509 311 651 349 haberi
670 310 784 349 solet.
846 308 1044 357 Quocirca
1066 308 1161 347 huic
1184 311 1299 356 quasi
1316 310 1499 356 materia,

303 395 425 430 quam
443 385 595 419 tractet
614 384 658 418 et
676 381 719 416 in
739 392 818 426 qua
836 382 1032 424 versetur,
1053 378 1235 416 subiecta
1256 381 1320 416 est
1337 379 1496 415 veritas.

363 450 542 497 Reliquis
566 453 705 487 autem
728 447 858 485 tribus
877 446 1094 484 virtutibus
1118 448 1382 484 necessitates
1407 457 1498 493 pro-

305 522 460 568 positae
480 522 576 557 sunt
594 516 646 555 ad
666 529 733 554 eas
753 529 816 554 res
843 514 1040 562 parandas
1066 514 1335 562 tuendasque,
1354 513 1498 562 quibus

306 591 412 626 actio
434 590 543 626 vitae
574 588 819 631 continetur,
840 588 888 622 ut
911 588 954 621 et
977 585 1148 621 societas
1170 581 1380 621 hominum
1403 595 1498 620 con-

306 659 541 703 iunctioque
549 659 732 693 servetur
741 658 784 691 et
791 654 915 690 animi
928 651 1172 690 excellentia
1178 650 1498 698 magnitudoque

307 740 399 764 cum
433 728 476 763 in
509 723 706 771 augendis
741 722 882 769 opibus
916 720 1241 767 utilitatibusque
1275 724 1319 758 et
1351 719 1427 758 sibi
1457 723 1502 758 et

307 798 388 834 suis
431 792 722 841 comparandis,
761 796 851 829 tum
887 789 1018 828 multo
1059 791 1188 836 magis
1225 791 1268 826 in
1305 787 1369 826 his
1405 790 1502 836 ipsis

308 858 580 907 despiciendis
614 856 783 895 eluceat.
852 854 964 893 Ordo
997 845 1165 892 autem¹
1199 858 1243 891 et
1276 855 1503 891 constantia

309 933 353 967 et
375 927 600 966 moderatio
624 930 667 963 et
691 937 751 970 ea,
776 936 879 971 quae
903 927 999 960 sunt
1024 921 1087 959 his
1111 921 1267 968 similia,
1291 925 1502 959 versantur

309 1000 352 1035 in
372 1009 421 1035 eo
439 1007 606 1043 genere,
626 993 678 1031 ad
698 992 806 1040 quod
827 996 890 1030 est
909 989 1142 1029 adhibenda
1163 992 1270 1028 actio
1289 988 1500 1037 quaedam,

310 1078 392 1103 non
426 1064 556 1103 solum
589 1063 738 1100 mentis
772 1062 950 1107 agitatio,
1012 1057 1066 1096 Iis
1097 1059 1207 1096 enim
1236 1057 1369 1104 rebus,
1396 1069 1500 1104 quae

310 1137 538 1172 tractantur
575 1134 619 1169 in
656 1132 751 1176 vita,
790 1128 956 1166 modum
995 1126 1199 1174 quendam
1237 1130 1282 1164 et
1318 1125 1502 1164 ordinem

310 1201 553 1240 adhibentes
572 1198 831 1237 honestatem
851 1200 895 1234 et
914 1195 1037 1233 decus
1056 1193 1389 1232 conservabimus.

368 1269 437 1308 VI.
470 1268 531 1307 Ex
558 1271 750 1315 quattuor
776 1269 914 1302 autem
939 1263 1051 1310 locis,
1071 1265 1114 1300 in
1134 1275 1234 1309 quos
1252 1260 1415 1299 honesti
1433 1273 1504 1298 na-

313 1344 446 1378 turam
484 1339 647 1382 vimque
686 1333 905 1379 divisimus,
937 1333 1089 1379 primus
1123 1329 1207 1377 ille,
1239 1331 1308 1377 qui
1345 1331 1390 1367 in
1421 1330 1504 1366 veri

313 1408 546 1454 cognitione
566 1405 762 1449 consistit,
778 1403 952 1438 maxime
972 1403 1158 1437 naturam
1177 1399 1346 1444 attingit
1364 1395 1504 1435 huma-

313 1489 418 1515 nam.
485 1473 640 1512 Omnes
664 1473 773 1509 enim
796 1468 995 1507 trahimur
1019 1471 1063 1504 et
1086 1466 1271 1504 ducimur
1294 1464 1346 1503 ad
1365 1466 1503 1511 cogni-

315 1547 436 1583 tionis
470 1547 514 1580 et
551 1542 746 1580 scientiae
785 1536 1065 1584 cupiditatem,
1103 1537 1146 1572 in
1185 1547 1264 1580 qua
1302 1532 1503 1571 excellere

315 1613 529 1662 pulchrum
549 1614 750 1657 putamus,
763 1607 844 1644 labi
863 1610 1015 1650 autem,
1029 1612 1175 1650 errare,
1189 1604 1358 1648 nescire,
1371 1600 1504 1648 decipi

316 1686 360 1720 et
393 1679 544 1718 malum
576 1682 619 1715 et
649 1681 768 1722 turpe
800 1662 1016 1711 ducimus.2
1086 1669 1134 1707 In
1168 1669 1244 1707 hoe
1277 1681 1432 1716 genere
1463 1672 1507 1706 et

314 1748 488 1789 naturali
509 1751 552 1784 et
571 1745 744 1783 honesto
764 1742 844 1780 duo
865 1742 963 1778 vitia
982 1738 1146 1776 vitanda
1165 1741 1273 1784 sunt,
1294 1749 1434 1783 unum,
1454 1749 1507 1774 ne

315 1819 522 1864 incognita
534 1827 606 1862 pro
615 1813 786 1859 cognitis
799 1809 1018 1847 habeamus
1030 1809 1158 1853 iisque
1171 1810 1327 1843 temere
1338 1806 1507 1842 assenti-

314 1898 448 1931 amur3
478 1882 586 1931 quod
606 1883 750 1919 vitium
774 1877 952 1924 effugere
973 1876 1042 1922 qui
1062 1873 1172 1911 volet
1191 1863 1350 1918 (omnes
1368 1875 1506 1909 autem

391 1972 402 1991 ¹
419 1973 540 2004 autem
558 1966 678 2005 MSS.,
697 1964 837 2002 Miiller,
858 1961 973 1994 Heine
989 1972 998 1999 ς
1016 1959 1100 1992 item
1117 1958 1264 1997 Pence,
1284 1956 1367 1998 Ed„
1386 1956 1444 1989 Bt.

391 2028 406 2048 '⁴³
417 2027 581 2061 ducimus
597 2034 627 2061 c,
648 2021 758 2059 Edd.;
774 2019 928 2052 dicimus
944 2016 974 2048 Α
993 2016 1020 2048 Β
1042 2015 1075 2046 Η
1093 2025 1116 2047 a
1131 2013 1166 2047 b.

428 2083 478 2118 18
