1520 2320
210 370 263 403 44

211 1396 262 1430 45

210 1927 262 1966 46

587 121 786 160 CICERO
818 120 894 159 DE
924 121 1161 162 OFFICIIS

290 203 463 241 dominis
495 202 547 241 ad
575 203 728 241 alienos
755 216 837 240 non
864 203 991 242 debet
1009 203 1186 243 liberalis
1205 204 1354 251 videri;
1382 204 1485 244 nihil

293 290 357 323 est
377 287 486 323 enim
506 284 688 331 liberale,
709 284 818 331 quod
838 298 921 323 non
941 285 1051 323 idem
1071 288 1232 324 iustum.

348 365 468 403 Alter
502 364 613 403 locus
647 370 735 403 erat
769 368 979 413 cautionis,
1013 379 1067 404 ne
1100 367 1331 414 benignitas
1362 370 1488 406 maior

291 451 400 485 esset
426 459 547 493 quam
575 445 803 492 facultates,
829 446 950 493 quod,
971 450 1040 494 qui
1066 448 1325 495 benigniores
1344 449 1487 488 volunt

291 541 392 575 esse,
413 541 534 574 quam
561 540 624 565 res
651 530 817 574 patitur,
839 530 1013 575 primum
1034 531 1077 566 in
1097 542 1145 567 eo
1171 534 1358 577 peccant,
1377 507 1485 578 (juod

292 612 472 647 1niuri0si
492 614 589 647 sunt
607 611 651 646 in
670 611 893 656 proximos3
923 622 1020 656 quas
1042 613 1152 648 enim
1175 613 1308 658 copias
1331 610 1394 650 his
1408 603 1421 628 ¹
1442 616 1486 650 et

294 690 544 738 suppeditari
573 693 740 737 aequius
771 695 833 728 est
861 695 904 728 et
929 691 1117 738 relinqui,
1142 705 1209 730 eas
1235 691 1487 732 transferunt

292 772 344 810 ad
363 772 527 810 alienos.
574 771 689 810 Inest
707 777 846 810 autem
866 774 908 809 in
928 772 1001 810 tali
1020 772 1266 812 liberalitate
1287 773 1486 821 cupiditas

292 853 530 901 plerumque
551 853 736 900 rapiendi
757 858 800 891 et
819 852 1032 891 auferendi
1052 867 1125 901 per
1148 857 1348 902 iniuriam,
1367 860 1415 894 ut
1433 855 1486 894 ad

292 929 548 977 largiendum
582 934 803 976 suppetant
837 932 986 977 copiae.
1046 929 1196 968 Videre
1231 933 1354 970 etiam
1388 931 1486 971 licet

292 1007 505 1055 plerosque
537 1020 619 1044 non
650 1011 734 1044 tam
768 1011 912 1044 natura
946 1006 1132 1045 liberales
1161 1021 1281 1054 quam
1310 1008 1483 1055 quadam

290 1084 417 1131 gloria
448 1083 604 1130 ductos,
634 1088 681 1121 ut
719 1083 890 1121 benefici
919 1083 1147 1131 videantur,
1176 1084 1310 1123 facere
1339 1085 1481 1133 multa,

291 1174 394 1208 quae
414 1160 610 1207 proficisci
630 1160 681 1197 ab
702 1162 978 1198 ostentatione
1002 1163 1131 1208 magis
1155 1174 1276 1207 quam
1298 1175 1322 1199 a
1341 1161 1481 1201 volun-

292 1242 379 1275 tate
405 1236 630 1274 videantur.
691 1236 798 1274 Talis
827 1241 966 1274 autem
996 1237 1198 1276 simulatio
1223 1241 1393 1277 vanitati
1423 1244 1479 1278 esi

293 1316 545 1352 coniunctior
566 1326 687 1360 quam
706 1318 778 1351 aut
797 1313 1031 1351 liberalitati
1051 1319 1122 1352 aut
1141 1314 1357 1354 honestati.

349 1390 533 1429 Tertium
549 1394 612 1428 est
626 1393 890 1437 propositum,
907 1395 953 1428 ut
968 1392 1011 1428 in
1026 1390 1297 1430 beneficentia
1311 1392 1484 1432 dilectus

291 1472 400 1506 esset
412 1467 646 1514 dignitatis3
666 1468 709 1504 in
722 1479 801 1513 quo
818 1471 862 1504 et
876 1480 1007 1505 mores
1023 1470 1108 1506 eius
1123 1473 1243 1507 erunt
1258 1470 1483 1518 spectandi,

291 1548 333 1582 in
353 1557 476 1591 quem
495 1543 738 1581 beneficium
758 1543 1003 1590 conferetur,
1020 1548 1063 1582 et
1077 1547 1234 1583 animus
1247 1558 1343 1593 erga
1354 1559 1427 1585 nos
1439 1551 1484 1586 et

294 1623 561 1658 communitas
580 1633 626 1657 ac
647 1622 817 1657 societas
837 1623 945 1657 vitae
966 1625 1009 1658 et
1027 1620 1080 1658 ad
1099 1625 1256 1660 nostras
1284 1622 1484 1662 utilitates

295 1698 421 1736 officia
440 1701 536 1734 ante
558 1696 724 1741 collata3
753 1709 856 1742 quae
877 1701 923 1734 ut
943 1702 1184 1735 concurrant
1203 1701 1350 1746 omnia,
1370 1705 1484 1747 opta-

292 1774 374 1813 bile
391 1778 474 1819 est;
503 1775 535 1811 si
555 1775 701 1818 minus,
718 1772 854 1820 plures
871 1786 1013 1811 causae
1028 1776 1279 1822 maioresque
1294 1775 1484 1823 ponderis

292 1851 381 1899 plus
400 1850 621 1887 habebunt.

348 1927 434 1964 XV.
469 1925 671 1973 Quoniam
701 1930 839 1963 autem
870 1928 1018 1964 vivitur
1050 1939 1132 1964 non
1167 1940 1258 1966 cum
1292 1928 1485 1976 perfectis

550 2048 619 2081 ¹lzis
637 2049 670 2080 H
688 2059 722 2086 a,
745 2048 853 2086 Edd.;
872 2049 919 2081 iis
934 2049 966 2081 A
985 2050 1011 2081 B
1030 2049 1071 2087 b;
1088 2050 1140 2082 eis
1157 2050 1184 2083 L
1201 2061 1230 2084 c.

403 2107 453 2140 48
