1546 2294
191 1288 246 1334 69

567 76 768 116 CICERO
786 77 876 118 ,DE
906 78 1143 118 OFFICIIS

270 159 456 202 ignotum
490 157 632 204 Sergio
663 167 746 196 non
775 157 933 206 fuisset,
961 161 1030 206 qui
1061 159 1149 198 illas
1179 159 1302 199 aedes
1326 160 1475 200 vendi-.

270 231 410 279 disset,
431 233 535 271 nihil
555 233 679 272 fuisse
699 247 866 272 necesse
887 234 981 282 dici,
1008 248 1086 273 nec
1114 249 1208 274 eum
1236 249 1323 275 esse
1349 237 1471 276 dece-⁴

272 312 402 354 ptum,
424 310 506 355 qui,
528 307 583 355 id,
605 308 714 355 quod
735 314 904 356 emerat,
925 322 1005 357 quo
1025 312 1111 349 iure
1128 316 1249 358 esset,
1265 311 1470 350 te'neret.”

331 381 511 429 Quorsus
531 382 658 421 haec?
718 383 777 422 Ut
798 383 900 422 illud
920 385 1151 433 intellegas,
1171 398 1255 424 non
1275 385 1474 434 placuisse

272 458 490 495 maioribus
509 461 656 496 nostris
677 464 843 497 astutos.

327 533 460 572 XVII.
493 534 576 573 Sed
606 534 725 573 aliter
755 535 882 582 leges,
909 536 1028 574 aliter
1059 536 1288 585 philosophi
1317 537 1471 579 tollunt

271 613 454 657 astutias,
497 610 624 658 leges,
673 616 874 658 quatenus
922 626 1045 650 manu
1094 618 1238 651 tenere
1285 618 1469 661 possunt,

273 686 516 734 philosophi,
537 691 739 733 quatenus
759 690 916 725 ratione
938 693 981 726 et
1001 688 1298 735 intellegentia.
1352 689 1470 728 Ratio

272 776 370 808 ergo
385 762 462 800 hoc
477 763 668 810 postulat,
683 776 735 801 ne
751 763 850 810 quid
865 763 1068 811 insidiose,
1082 777 1135 802 ne
1152 764 1250 811 quid
1266 765 1468 814 simulate,

272 851 325 876 ne
355 838 454 885 quid
484 837 693 876 fallaciter.
755 838 914 877 Suntne
944 843 1069 887 igitur
1098 840 1268 879 insidiae
1297 841 1470 879 tendere

273 915 424 962 plagas,
445 917 602 953 etiamsi
635 918 883 954 excitaturus
914 929 997 953 non
1031 919 1084 954 sis
1110 929 1188 954 nec
1215 917 1468 964 agitaturus?

273 994 382 1038 ipsae
415 994 524 1029 enim
557 991 667 1029 ferae
696 991 810 1029 nullo
839 994 1082 1038 insequente
1113 1005 1234 1040 saepe
1264 993 1462 1038 incidunt,

274 1067 340 1105 Sic
366 1071 412 1104 tu
441 1066 563 1104 aedes
592 1067 829 1114 proscribas,
857 1067 1038 1106 tabulam
1067 1072 1275 1114 tamquam
1302 1067 1464 1116 plagam

274 1156 413 1190 ponas,
436 1133 619 1188 [domum
640 1147 807 1189 propter
827 1145 924 1180 vitia
940 1133 1140 1189 vendas,]l
1153 1145 1198 1180 in
1217 1155 1307 1181 eam
1325 1143 1469 1191 aliquis

278 1221 457 1255 incurrat
477 1217 737 1264 imprudens?

333 1290 426 1327 Hoc
474 1303 717 1336 quamquam
761 1289 880 1328 video
927 1295 1094 1337 propter
1141 1290 1472 1338 depravationem

274 1361 578 1400 consuetudinis
606 1375 740 1408 neque
772 1375 883 1400 more
915 1367 1035 1409 turpe
1067 1362 1209 1401 haberi
1234 1376 1369 1410 neque
1399 1368 1471 1402 aut

274 1434 367 1480 lege
406 1436 550 1471 sanciri
588 1438 659 1471 aut
703 1436 790 1471 iure
831 1434 952 1480 civili,
991 1439 1131 1472 tamen
1169 1439 1338 1473 naturae
1377 1434 1472 1482 lege

274 1511 459 1544 sanctum
491 1511 564 1544 est.
626 1506 805 1545 Societas
837 1511 901 1544 est
933 1509 1042 1544 enim
1077 1497 1205 1553 (quod
1238 1509 1316 1545 etsi
1349 1520 1470 1555 saepe

274 1577 431 1616 dictum
459 1583 534 1624 est,
556 1577 775 1616 dicendum
803 1583 866 1616 est
893 1583 1032 1616 tamen
1060 1570 1252 1626 saepius),
1276 1579 1471 1618 latissime

272 1650 441 1696 ,quidem
471 1663 574 1697 quae
605 1655 758 1697 pateat,
782 1653 962 1687 omnium
993 1653 1101 1688 inter
1129 1663 1284 1698 omnes,
1305 1653 1473 1689 interior

276 1735 429 1768 eorum,
450 1725 519 1768 qui
552 1722 734 1759 eiusdem
765 1725 900 1769 gentis
928 1725 1022 1768 sint,
1043 1725 1205 1770 propior
1231 1735 1383 1770 eorum,
1403 1726 1472 1770 qui

277 1793 460 1831 eiusdem
483 1796 666 1831 civitatis.
712 1793 855 1840 Itaque
871 1796 1042 1832 maiores
1062 1794 1172 1832 aliud
1192 1797 1253 1832 ius
1272 1787 1472 1841 gentium,

275 1865 386 1903 aliud
425 1868 485 1903 ius
521 1865 637 1904 civile
677 1879 765 1904 esse
804 1866 1041 1911 voluerunt3
1082 1866 1188 1913 quod
1229 1866 1359 1913 civile,
1390 1879 1472 1904 non

584 1997 812 2031 ¹Bracketed
831 1999 877 2041 by
897 1999 1036 2041 Unger,
1058 1999 1150 2032 Edd.

390 2055 467 2087 :338
