1546 2294
622 112 822 153 CICERO
853 114 929 153 DE
959 115 1196 158 OFFICIIS

220 198 296 232 108
327 194 420 232 Non
441 197 551 232 enim
570 193 715 232 falsum
739 197 870 234 iurare
897 199 1102 243 periurare
1129 204 1206 247 est,
1225 200 1312 248 sed,
1331 202 1441 250 quod
1469 216 1518 243 nx

326 270 443 296 ΑΝιΜι
472 271 540 296 ‘rm
572 270 791 296 εΕΝΤΕΝΤιΑ
823 262 976 307 iuraris,
1003 264 1109 300 sicut
1134 264 1266 303 verbis
1293 269 1521 315 concipitur

323 334 436 360 more
470 328 622 370 nostro,
657 322 699 361 id
732 336 816 362 non
850 323 984 363 facere
1018 329 1240 373 periurium
1274 334 1347 368 est.
1407 331 1519 372 Scite

117 383 300 446 3¹59&th
324 377 452 424 eniml
472 386 707 435 Euripides:

491 489 623 529 Iuravi
641 490 794 539 lingua,
815 493 998 532 mentem
1018 496 1233 535 iniuratam
1253 510 1362 545 gero.

324 587 502 635 Regulus
529 603 624 628 vero
651 603 733 628 non
764 590 908 629 debuit
935 592 1192 632 condiciones
1224 597 1515 643 pactionesque

323 652 486 691 bellicas
508 658 551 691 et
571 653 740 692 hostiles
766 655 1005 701 perturbare
1033 660 1218 704 periurio.
1280 658 1381 698 Cum
1408 662 1515 698 iusto

322 718 431 754 enim
453 722 497 755 et
515 717 700 763 legitimo
719 717 838 757 hoste
854 732 918 757 res
933 721 1165 768 gerebatur,
1181 721 1373 762 adversus
1392 736 1514 771 quem

320 785 365 818 et
390 785 523 819 totum
550 784 612 819 ius
639 781 780 820 fetiale
808 787 852 821 et
877 783 1007 821 multa
1035 789 1131 822 sunt
1157 787 1244 823 iura
1270 790 1510 826 communia.

321 843 442 891 Quod
475 847 519 883 ni
552 848 610 883 ita
644 851 766 893 esset,
795 859 1015 894 numquam
1051 847 1178 887 claros
1211 851 1316 889 viros
1348 855 1514 891 senatus

319 901 494 947 vinctos2
513 909 697 948 hostibus
718 910 953 950 dedidisset.

214 975 289 1015 109
375 973 504 1011 XXX.
538 973 596 1012 At
619 987 715 1012 vero
735 974 779 1012 T.
804 975 995 1015 Veturius
1017 982 1060 1016 et
1081 977 1147 1025 Sp.
1173 978 1402 1020 Postumius
1421 994 1512 1019 cum

317 1039 468 1075 iterum
499 1038 684 1077 consules
711 1044 862 1087 essent,
893 1043 998 1087 quia,
1027 1055 1119 1079 cum
1149 1042 1255 1081 male
1285 1049 1511 1092 pugnatum

318 1102 426 1149 apud
453 1102 650 1141 Caudium
681 1109 802 1151 esset,
829 1103 1057 1151 legionibus
1087 1109 1235 1146 nostris
1266 1107 1341 1146 sub
1370 1110 1509 1155 iugum

317 1168 447 1204 missis
476 1180 619 1214 pacem
648 1181 740 1206 cum
771 1168 1019 1207 Samnitibus
1049 1169 1245 1218 fecerant,
1266 1171 1396 1210 dediti
1415 1176 1511 1210 sunt

318 1232 366 1268 iis
380 1243 390 1276 ;
410 1232 563 1269 iniussu
577 1233 686 1269 enim
699 1232 838 1279 populi
850 1237 1096 1280 senatusque
1111 1233 1304 1273 fecerant.
1338 1234 1511 1274 Eodem-

317 1307 397 1341 que
430 1299 616 1342 tempore
650 1294 709 1333 Ti.
748 1295 971 1343 Numicius,
1005 1295 1054 1344 Q.
1093 1297 1280 1346 Maelius,
1315 1302 1385 1346 qui
1422 1304 1511 1338 tum

316 1359 469 1397 tribuni
499 1358 553 1406 pl.
585 1364 714 1406 erant,
743 1359 851 1407 quod
883 1373 1023 1398 eorum
1049 1364 1292 1401 auctoritate
1319 1375 1398 1410 pax
1424 1368 1512 1402 erat

316 1422 436 1470 facta,
463 1422 594 1461 dediti
620 1428 728 1471 sunt,
755 1428 803 1462 ut
828 1437 906 1472 pax
937 1424 1180 1464 Samnitium
1209 1426 1511 1474 repudiaretur3

314 1492 438 1534 atque
464 1486 583 1525 huius
610 1487 830 1527 deditionis
856 1491 943 1536 ipse
973 1488 1216 1538 Postumius,
1235 1493 1305 1538 qui
1331 1490 1509 1530 dedeba-

312 1555 393 1598 tur,
413 1563 550 1589 suasor
569 1556 612 1589 et
631 1557 772 1590 auctor
791 1551 879 1591 fuit.

368 1614 489 1663 Quod
509 1614 618 1653 idem
638 1615 776 1654 multis
796 1619 911 1655 annis
931 1622 1023 1664 post
1043 1617 1084 1655 C.
1109 1618 1335 1666 Mancinus,
1355 1621 1439 1667 qui,
1458 1623 1506 1658 ut

311 1678 587 1726 Numantinis,
607 1680 846 1726 quibuscum
866 1683 953 1719 sine
974 1686 1138 1720 senatus
1157 1685 1400 1721 auctoritate
1419 1682 1509 1722 foe-

310 1742 385 1782 dus
404 1742 572 1790 fecerat,
592 1742 827 1791 dederetur,
842 1747 1096 1791 rogationem
1115 1749 1241 1784 suasit
1260 1759 1363 1794 eam,
1383 1759 1504 1794 quam

453 1830 567 1865 ¹Scite
582 1833 678 1865 enim
694 1832 726 1864 A
744 1832 772 1865 L
788 1843 820 1872 c,
841 1833 951 1872 Edd.;
967 1835 1038 1867 scit
1050 1835 1147 1867 enim
1164 1835 1193 1867 B
1212 1835 1247 1867 H
1264 1846 1288 1868 a.
1304 1834 1339 1869 b.

453 1875 466 1896 ¹
477 1877 614 1908 vinctos
629 1876 660 1908 A
678 1876 706 1908 L
722 1887 753 1915 e,
774 1877 885 1915 Edd.;
903 1879 1013 1910 victos
1029 1878 1057 1910 B
1078 1878 1111 1910 H
1129 1889 1153 1911 a
1169 1878 1204 1911 b.

570 2003 664 2035 ⁸See
681 2003 806 2042 Index,
825 2013 891 2035 s.v.

568 2044 588 2071 b
602 2047 662 2089 184
674 2057 798 2089 years,
818 2047 889 2087 i.e.,
908 2046 944 2079 in
960 2054 1034 2081 mc.
1052 2055 1122 2091 137·

414 2097 493 2137 386
