1520 2320
598 113 799 154 CICERO
831 116 906 154 DE
936 117 1172 158 OFFICIIS

302 208 423 242 quam
462 196 635 234 eandem
673 196 739 235 vel
778 197 1077 246 benignitatem
1110 200 1175 239 vel
1208 200 1496 242 liberalitatem

303 270 499 318 appellari
518 271 627 311 licet.

359 347 442 388 Sed
475 350 653 388 iustitiae
681 352 857 397 primum
880 364 1027 391 munus
1058 358 1134 401 est,
1159 358 1207 392 ut
1236 367 1290 393 ne
1321 357 1387 394 cui
1410 357 1499 403 quis

305 430 452 480 noceat
470 428 548 464 nisi
566 425 776 466 lacessitus
796 430 953 476 iniuria,
974 429 1125 468 deinde
1145 436 1193 469 ut
1219 433 1498 485 communibus

304 515 377 550 pro
397 503 677 542 communibus
701 509 853 552 utatur,
874 508 1039 553 privatis
1059 512 1106 546 ut
1125 511 1216 547 suis.

223 591 267 624 21
362 586 468 626 Sunt
496 592 635 626 autem
664 591 821 636 privata
849 590 962 628 nulla
987 596 1145 639 natura,
1167 593 1240 631 sed
1266 598 1338 632 aut
1355 598 1496 633 vetere

304 666 583 712 occupatione,
604 670 651 703 ut
670 668 739 712 qui
759 666 964 713 quondam
983 670 1026 705 in
1046 681 1171 707 vacua
1191 674 1406 718 venerunt,
1426 675 1498 709 aut

303 743 482 789 victoria,
503 747 550 780 ut
569 745 639 790 qui
658 743 766 782 bello
786 747 907 791 potiti
930 750 1038 793 sunt,
1065 751 1137 784 aut
1162 746 1269 795 lege,
1295 750 1498 796 pactione,

305 819 558 868 condicione,
579 826 708 867 sorte3
738 834 788 860 ex
816 820 896 869 quo
916 822 974 870 fit,
995 828 1043 861 ut
1066 837 1164 871 ager
1183 823 1359 872 Arpinas
1379 825 1498 874 Arpi-

303 895 460 931 natium
473 893 643 941 dicatur,
657 894 907 934 Tusculanus
920 895 1237 936 Tusculanorum
1250 911 1259 944 3
1279 898 1499 947 similisque

304 975 368 1008 est
401 973 648 1018 privatarum
681 975 979 1019 possessionum
1009 966 1247 1022 discriptio.¹
1313 974 1375 1013 Ex
1404 988 1496 1022 quo,

303 1049 398 1094 quia
424 1060 541 1086 suum
569 1050 762 1096 cuiusque
790 1049 836 1087 fit
864 1062 1016 1098 eorum,
1041 1063 1144 1098 quae
1170 1056 1316 1090 natura
1334 1051 1497 1090 fuerant

302 1127 542 1172 communia,
563 1125 672 1172 quod
700 1129 845 1173 cuique
872 1127 1035 1175 obtigit,
1063 1127 1106 1166 id
1134 1130 1304 1176 quisque
1332 1133 1495 1174 teneat;

302 1214 326 1239 e
345 1193 450 1248 quo2
464 1204 496 1240 si
513 1205 601 1249 quis
614 1203 690 1240 sibi
702 1208 885 1251 appetet,
898 1203 1065 1242 violabit
1078 1206 1139 1243 ius
1154 1204 1356 1244 humanae
1370 1208 1495 1244 socie-

301 1280 407 1316 tatis.

195 1359 245 1392 22
333 1354 414 1394 Sed
435 1358 638 1404 quoniam,
660 1361 707 1395 ut
726 1356 931 1404 praeclare
953 1359 1148 1405 scriptum
1175 1363 1239 1397 est
1263 1372 1287 1396 a
1314 1358 1496 1406 Platone,

86 1442 208 1503 {1³th}
223 1444 260 1470 ad
305 1444 387 1469 non
407 1432 524 1470 nobis
544 1432 674 1470 solum
695 1436 781 1471 nati
801 1447 938 1472 sumus
966 1439 1158 1481 ortusque
1185 1437 1312 1472 nostri
1339 1439 1496 1482 partem

111 1483 141 1502 re
163 1485 180 1509 y
196 1485 252 1510 am,

87 1509 171 1538 358A
310 1507 439 1552 patria
454 1505 645 1553 vindicat,
662 1510 820 1553 partem
833 1509 964 1554 amici,
977 1511 1113 1554 atque,
1127 1512 1174 1546 ut
1188 1507 1323 1555 placet
1337 1507 1494 1555 Stoicis,

305 1595 407 1629 quae
437 1584 480 1620 in
508 1585 626 1621 terris
653 1585 888 1630 gignantur,
909 1583 960 1621 ad
987 1596 1104 1622 usum
1131 1583 1341 1622 hominum
1360 1587 1494 1623 omnia

304 1661 443 1706 creari,
457 1658 642 1697 homines
656 1664 795 1697 autem
808 1658 1019 1697 hominum
1035 1673 1152 1698 causa
1165 1673 1252 1699 esse
1264 1665 1492 1708 generatos,

301 1741 348 1774 ut
378 1738 454 1784 ipsi
485 1738 594 1774 inter
624 1749 667 1774 se
699 1735 786 1774 aliis
816 1735 884 1774 alii
915 1736 1106 1783 prodesse
1137 1741 1315 1785 possent,
1344 1739 1387 1775 in
1414 1735 1492 1775 hoc

305 1818 492 1851 naturam
513 1812 710 1851 debemus
730 1811 876 1850 ducem
898 1815 1024 1860 sequi,
1041 1826 1276 1851 communes
1294 1812 1493 1852 utilitates

302 1892 344 1927 in
364 1889 545 1928 medium
565 1889 707 1928 afferre
733 1892 962 1927 mutatione
983 1890 1213 1937 officiorum,
1235 1889 1370 1928 dando
1389 1892 1491 1928 acci-

349 1992 548 2035 ¹discriplio
566 1993 606 2032 B,
627 1991 737 2030 Edd.;
754 1992 939 2034 descriplio
955 1992 987 2024 A
1006 1992 1038 2024 11
1057 2003 1080 2024 a
1097 1991 1120 2024 b
1136 2003 1166 2024 c.

344 2053 380 2086 ²e
395 2065 463 2096 quo
480 2053 520 2085 A‘
537 2053 570 2085 H
589 2064 612 2086 a
624 2053 646 2085 b
660 2064 691 2090 e,
707 2053 851 2091 Miiller5
866 2064 901 2085 eo
915 2053 954 2092 B,
970 2053 1012 2085 de
1023 2064 1091 2095 quo
1107 2054 1159 2085 Bt.
1177 2052 1338 2096 (suppl.),
1356 2054 1480 2087 Heine.

408 2110 459 2143 22
