1546 2294
606 109 806 150 CICERO
837 112 913 150 DE
943 111 1180 151 OFFICIIS

310 192 480 232 eruditis
509 193 813 241 quaerentibus,
837 196 988 231 satisne
1018 198 1253 231 constanter
1282 190 1416 232 facere
1444 194 1503 231 vi-

310 274 492 322 deamur,
508 277 590 322 qui,
607 287 699 312 cum
719 277 872 321 percipi
893 273 994 311 nihil
1015 286 1131 321 posse
1152 260 1346 320 dicamus,
1365 278 1505 312 tamen

311 360 355 394 et
391 355 479 393 aliis
514 355 567 394 de
601 355 721 393 rebus
757 355 955 393 disserere
995 354 1194 393 soleamus
1229 358 1273 392 et
1306 353 1384 392 hoc
1418 356 1506 402 ipso

311 441 494 484 tempore
510 441 728 483 praecepta
747 436 864 473 officii
884 449 1182 483 persequamur.
1243 434 1401 489 ¹Quibus
1420 434 1503 473 vel-

310 517 392 556 lem
411 519 507 556 satis
528 519 691 564 cognita
711 521 819 555 esset
839 522 977 554 nostra
1001 519 1216 554 sententia.
1278 516 1372 554 Non
1392 517 1501 554 enim

309 612 445 638 sumus
465 601 506 645 ii,
527 611 698 646 quorum
718 603 890 645 vagetur
909 600 1066 636 animus
1087 611 1222 636 errore
1249 610 1326 636 nec
1352 596 1503 635 habeat

309 693 513 727 umquam,
527 679 626 727 quid
645 684 846 726 sequatur.
899 678 1014 726 Quae
1035 681 1144 717 enim
1165 683 1274 716 esset
1291 681 1369 716 ista
1388 691 1502 717 mens

310 761 375 800 vel
395 774 498 808 quae
518 763 602 798 vita
621 763 755 808 potius
776 773 858 797 non
878 759 999 798 modo
1019 759 1268 806 disputandi,
1288 758 1360 798 sed
1381 761 1505 797 etiam

312 842 473 880 vivendi
501 844 657 880 ratione
683 841 867 879 sublata?
926 841 1010 878 Nos
1036 845 1188 887 autem,
1208 845 1255 878 ut
1282 842 1408 878 ceteri
1427 839 1506 876 alia

311 928 435 970 certa,
452 922 529 960 alia
549 924 705 960 incerta
725 935 813 960 esse
834 921 989 968 dicunt,
1003 923 1059 959 sic
1074 921 1125 958 ab
1141 919 1202 959 his
1215 919 1506 958 dissentientes

311 1004 389 1042 alia
408 1003 644 1051 probabilia,
665 1007 806 1041 contra
825 1002 904 1040 alia
923 1001 1104 1040 dicimus.

258 1090 281 1125 8
368 1084 479 1132 Quid
499 1089 563 1123 est
582 1087 720 1131 igitur,
736 1083 846 1130 quod
865 1096 931 1121 me
947 1082 1145 1130 impediat
1161 1096 1221 1129 ea,
1237 1095 1340 1129 quae
1361 1081 1502 1129 proba-

312 1165 408 1204 bilia
435 1164 535 1202 mihi
562 1164 790 1211 videantur,
817 1166 945 1211 sequi,
966 1176 1069 1210 quae
1100 1167 1253 1209 contra,
1277 1162 1503 1209 improbare

313 1252 436 1294 atque
458 1244 680 1283 affirmandi
700 1247 972 1291 arrogantiam
994 1247 1192 1281 vitantem
1214 1243 1356 1289 fugere
1376 1247 1505 1280 teme-

314 1331 491 1373 ritatem,
505 1339 607 1374 quae
624 1339 647 1363 a
662 1327 860 1372 sapientia
875 1324 1046 1362 dissidet
1062 1323 1309 1371 plurimum?
1357 1323 1506 1361 Contra

314 1414 451 1447 autem
471 1410 606 1445 omnia
635 1398 887 1454 disputatur¹
908 1419 932 1443 a
956 1407 1115 1452 nostris,
1136 1403 1244 1452 quod
1271 1404 1347 1442 hoc
1373 1406 1504 1451 ipsum

314 1488 520 1538 probabile
541 1488 702 1526 elucere
730 1500 812 1525 non
840 1478 1007 1534 posset,²
1027 1488 1103 1524 nisi
1128 1499 1178 1524 ex
1198 1490 1370 1532 utraque
1390 1489 1504 1532 parte

315 1583 522 1609 causarum
543 1573 652 1607 esset
672 1568 779 1606 facta
800 1570 1020 1605 contentio.

176 1667 215 1699 ιι,
232 1666 307 1694 20st.
369 1651 450 1690 Sed
484 1649 585 1688 haec
619 1649 835 1696 explanata
869 1652 964 1686 sunt
998 1650 1039 1685 in
1073 1646 1326 1685 Academicis
1358 1648 1504 1684 nostris

314 1735 422 1778 satis,
443 1735 490 1769 ut
509 1730 692 1775 arbitror,
707 1729 938 1776 diligenter.
998 1728 1088 1765 Tibi
1109 1732 1260 1774 autem,
1275 1729 1331 1764 mi
1351 1727 1504 1773 Cicero,

313 1825 555 1861 quamquam
590 1813 632 1848 in
661 1811 939 1857 antiquissima
970 1808 1297 1854 nobilissimaque
1331 1806 1505 1854 philoso-

314 1894 408 1942 phia
429 1893 620 1939 Cratippo
647 1896 811 1929 auctore
836 1892 1003 1929 versaris
1027 1891 1074 1927 iis
1102 1888 1318 1934 simillimo,
1339 1889 1407 1935 qui
1427 1890 1504 1926 ista

555 1982 562 2000 ’
575 1982 784 2023 disputatur
799 1979 890 2012 Edd.
901 1991 908 2016 ;
920 1979 1156 2020 disputantur
1170 1977 1274 2011 MSS.

557 2032 571 2052 ²
575 2036 692 2076 posset
706 2044 728 2065 a
741 2043 778 2070 ος
789 2032 905 2075 possit
921 2031 947 2063 B
964 2031 997 2062 H
1017 2029 1050 2062 b.

426 2091 503 2128 174
