1546 2294
603 78 804 119 CICERO
835 80 911 118 DE
941 81 1178 121 OFFICIIS

309 160 392 198 ullo
421 174 590 199 munere
619 161 814 209 adeptum
843 175 930 200 esse
957 166 1105 210 omnia,
1125 177 1229 211 quae
1256 163 1504 204 haberentur

311 233 566 281 amplissima.
643 234 816 272 Dicebat
855 235 965 273 idem
1004 235 1137 283 Cotta,
1177 237 1306 275 Curio.
1379 237 1506 276 Nobis

313 319 474 353 quoque
495 306 592 345 licet
612 309 653 344 in
675 306 751 345 hoc
772 307 947 354 quodam
967 307 1088 346 modo
1108 308 1290 355 gloriari3
1319 323 1415 348 nam
1433 323 1506 358 pro

311 378 581 426 amplitudine
602 379 815 426 honorum,
837 393 936 427 quos
963 383 1120 419 cunctis
1143 381 1340 430 suffragiis
1364 382 1503 430 adepti

310 464 447 489 sumus
483 457 620 490 nostro
656 452 822 499 quidem
858 466 977 500 anno,
1012 453 1121 501 quod
1154 457 1329 501 contigit
1364 468 1503 493 eorum

312 527 478 571 nemini,
499 538 598 572 quos
619 525 740 563 modo
764 528 981 573 nominavi,
1001 539 1098 564 sane
1123 530 1292 574 exiguus
1315 532 1499 575 sumptus

313 597 532 636 aedilitatis
554 597 643 636 fuit.

230 670 283 709 60
370 670 509 718 Atque
522 673 647 709 etiam
663 670 756 709 illae
771 673 979 719 impensae
992 672 1194 720 meliores,
1207 676 1324 720 muri,
1337 672 1507 720 navalia,

315 748 467 791 portus,
487 756 681 790 aquarum
702 743 848 782 ductus
868 747 1096 792 omniaque,
1117 758 1220 792 quae
1240 745 1292 783 ad
1312 759 1429 784 usum
1448 747 1506 784 rei

315 816 500 865 publicae
517 819 737 864 pertinent.
790 816 1059 864 Quamquam,
1075 818 1183 865 quod
1198 831 1389 866 praesens
1405 823 1507 856 tam-

315 903 435 938 quam
464 892 508 927 in
536 902 700 927 manum
731 889 863 937 datur,
884 890 1098 928 iucundius
1128 895 1212 937 est;
1240 895 1380 929 tamen
1406 890 1508 930 haec

314 965 357 1001 in
371 967 578 1010 posterum
594 965 779 1009 gratiora.
830 962 1020 1010 Theatra,
1033 966 1224 1011 porticus,
1236 976 1340 1001 nova
1353 962 1509 1020 templa

318 1034 585 1074 verecundius
606 1034 864 1082 reprehendo
883 1040 1049 1082 propter
1071 1035 1322 1083 Pompeium,
1342 1035 1415 1074 sed
1434 1034 1504 1073 do-

317 1110 484 1146 ctissimi
503 1119 586 1144 non
606 1107 793 1154 probant,
813 1111 860 1145 ut
880 1112 924 1145 et
943 1106 1009 1145 hic
1029 1110 1115 1155 ipse
1138 1107 1365 1154 Panaetius,
1385 1120 1507 1155 quem

318 1180 493 1218 multum
513 1182 555 1217 in
576 1179 639 1217 his
658 1179 770 1217 libris
790 1184 953 1218 secutus
973 1193 1074 1227 sum,
1095 1193 1178 1218 non
1201 1182 1508 1228 interpretatus,

319 1258 363 1292 et
398 1251 616 1290 Phalereus
653 1251 901 1299 Demetrius,
932 1255 1000 1299 qui
1043 1252 1253 1299 Periclem,
1284 1255 1510 1300 principem

321 1326 530 1372 Graeciae,
551 1327 769 1372 vituperat,
790 1323 899 1371 quod
919 1328 1077 1362 tantam
1098 1327 1311 1372 pecuniam
1331 1327 1374 1362 in
1397 1337 1512 1372 prae-

321 1399 427 1436 clara
446 1397 515 1435 illa
534 1396 752 1444 propylaea
778 1399 1008 1435 coniecerit.
1069 1397 1150 1436 Sed
1177 1397 1230 1435 de
1257 1396 1333 1435 hoc
1359 1409 1512 1444 genere

52 1470 184 1530 &1⁶1ssssss
323 1476 411 1509 toto
431 1474 474 1508 in
494 1472 541 1508 iis
561 1469 687 1517 libris,
708 1483 808 1517 quos
827 1469 880 1508 de
907 1483 951 1508 re
978 1469 1140 1517 publica
1165 1472 1318 1518 scripsi,
1339 1469 1512 1516 diligen-

49 1539 185 1598 {ss‘ffiffi
322 1550 387 1583 ter
405 1548 469 1582 est
488 1542 751 1590 disputatum.

374 1618 478 1656 Tota
497 1618 622 1663 igitur
642 1618 744 1653 ratio
763 1615 906 1653 talium
926 1615 1186 1662 largitionum
1201 1627 1353 1663 genere
1369 1617 1508 1654 vitiosa

320 1697 396 1739 est,
412 1689 663 1737 temporibus
684 1690 923 1735 necessaria,
938 1693 982 1726 et
1001 1693 1089 1726 tum
1110 1690 1241 1735 ipsum
1262 1692 1306 1726 et
1319 1687 1371 1726 ad
1387 1686 1512 1725 facul-

320 1769 428 1803 tates
448 1760 789 1801 accommodanda
809 1766 853 1798 et
873 1760 1154 1799 mediocritate
1175 1759 1422 1799 moderanda
1436 1764 1509 1798 est.

240 1837 285 1878 51
377 1834 533 1874 XVIII.
568 1834 616 1872 In
632 1833 701 1871 illo
716 1838 853 1871 autem
869 1833 998 1871 altero
1012 1846 1164 1879 genere
1181 1832 1392 1880 largiendi,
1405 1832 1514 1880 quod

355 1968 461 2000 ⁸The
480 1967 582 2000 savin
630 1967 752 1998 clause
770 1965 800 1997 is
817 1964 949 2003 added,
969 1963 1126 1998 because
1144 1963 1275 1998 Cicero
1291 1974 1402 1999 never
1417 1963 1510 1999 filled

322 2014 383 2045 the
399 2011 502 2044 office
518 2011 558 2043 of
605 2020 724 2042 ensor.

430 2067 509 2102 232
