1546 2294
229 692 278 727 58

603 128 804 168 CICERO
834 129 912 167 DE
941 130 1179 172 OFFICIIS

309 209 349 249 id
376 215 562 258 ignorare
583 210 850 249 emolumenti
877 214 938 250 tui
965 225 1083 251 causa
1102 213 1202 252 velis
1231 227 1312 263 eos,
1332 229 1502 264 quorum

309 281 472 318 intersit
490 279 533 317 id
554 282 666 317 scire.
710 279 803 318 Hoc
823 285 962 318 autem
983 281 1143 320 celandi
1162 295 1292 330 genus
1313 283 1432 331 quale
1451 287 1506 324 sit

311 352 354 385 et
374 349 486 385 cuius
505 347 694 395 hominis,
715 350 804 395 quis
824 361 908 386 non
928 348 1065 388 videt?
1116 350 1239 390 Certe
1259 364 1342 390 non
1361 355 1507 400 aperti,

311 429 393 454 non
419 416 625 463 simplicis,
645 429 728 454 non
753 419 936 464 ingenui,
957 430 1039 456 non
1065 420 1174 466 iusti,
1194 432 1277 458 non
1297 422 1372 458 viri
1397 421 1506 468 boni,

311 487 462 522 versuti
504 486 652 531 potius,
694 485 865 532 obscuri,
907 489 1046 533 astuti,
1091 486 1259 535 fallacis,
1301 488 1505 535 malitiosi,

310 552 458 600 callidi,
492 555 743 601 veteratoris,
777 553 888 591 vafri.
950 554 1068 592 Haec
1100 559 1165 594 tot
1198 560 1243 595 et
1275 555 1353 594 alia
1389 556 1505 604 plura

309 634 446 659 nonne
466 620 612 659 inutile
633 626 696 659 est
715 623 905 659 vitiorum
925 622 1058 660 subire
1078 624 1270 661 nomina?

365 688 474 727 XIV.
507 688 663 736 Quodsi
678 689 948 737 vituperandi,
965 693 1034 737 qui
1052 693 1319 740 reticuerunt,
1333 692 1432 740 quid
1451 693 1504 733 de

309 759 356 795 iis
383 757 698 795 existimandum
727 762 803 804 est,
824 760 894 805 qui
920 761 1111 797 orationis
1138 762 1362 799 vanitatem
1389 761 1504 800 adhi-

310 825 512 863 buerunt?
570 825 611 863 C.
636 825 796 873 Canius,
817 838 941 873 eques
972 827 1187 875 Romanus,
1207 841 1285 867 nec
1304 828 1504 869 infacetus

309 897 353 930 et
378 895 475 931 satis
499 892 720 941 litteratus,
741 907 833 932 cum
857 907 900 933 se
929 894 1143 942 Syracusas
1163 895 1332 944 otiandi,
1352 902 1400 936 ut
1418 900 1499 946 ipse

307 961 443 999 dicere
481 961 652 1009 solebat,
690 975 774 1000 non
816 963 1055 1010 negotiandi
1095 977 1213 1002 causa
1251 965 1502 1014 contulisset,

307 1020 547 1067 dictitabat1
563 1042 606 1068 se
626 1029 809 1069 hortulos
829 1030 982 1078 aliquos
1003 1044 1139 1070 emere
1160 1032 1278 1080 velle,
1299 1046 1380 1080 quo
1398 1036 1500 1073 invi-

306 1101 392 1134 tare
411 1099 560 1135 amicos
581 1102 625 1135 et
644 1098 713 1135 ubi
733 1110 776 1136 se
796 1098 1001 1137 oblectare
1021 1101 1107 1138 sine
1127 1100 1499 1148 interpellatoribus

304 1169 451 1211 posset.
511 1163 632 1212 Quod
664 1178 756 1203 cum
785 1167 1114 1214 percrebruisset,
1143 1167 1312 1215 Pythius
1341 1171 1380 1207 ei
1410 1172 1498 1217 qui-

304 1231 410 1279 dam,
453 1235 523 1280 qui
564 1236 835 1280 argentariam
880 1233 1035 1273 faceret
1077 1235 1295 1284 Syracusis,
1334 1237 1499 1276 venales

304 1299 470 1347 quidem
489 1313 533 1338 se
562 1300 700 1339 hortos
727 1314 809 1339 non
839 1301 1004 1349 habere,
1025 1302 1098 1341 sed
1128 1302 1252 1342 licere
1272 1306 1335 1342 uti
1362 1304 1500 1352 Canio,

303 1371 336 1406 si
368 1367 509 1415 vellet,
535 1373 583 1407 ut
613 1372 707 1414 suis,
735 1374 778 1407 et
808 1369 927 1408 simul
957 1369 1011 1408 ad
1042 1383 1186 1409 cenam
1217 1371 1426 1412 hominem
1456 1375 1499 1412 in

302 1435 440 1475 hortos
468 1439 656 1475 invitavit
685 1440 727 1474 in
755 1442 964 1484 posterum
994 1437 1114 1476 diem.
1175 1438 1277 1478 Cum
1308 1439 1378 1478 ille
1407 1454 1497 1488 pro-

301 1507 490 1551 misisset,
510 1510 600 1543 tum
628 1504 811 1552 Pythius,
832 1508 900 1553 qui
921 1511 1030 1545 esset
1049 1511 1096 1545 ut
1114 1510 1367 1554 argentarius
1386 1509 1494 1557 apud

300 1585 441 1611 omnes
459 1572 622 1612 ordines
647 1576 859 1620 gratiosus,
879 1576 1098 1621 piscatores
1117 1574 1169 1613 ad
1195 1588 1239 1614 se
1259 1579 1494 1616 convocavit

300 1644 344 1678 et
365 1640 417 1678 ab
443 1643 491 1679 iis
519 1643 681 1688 petivit,
701 1645 748 1679 ut
767 1646 863 1679 ante
884 1654 975 1680 suos
1002 1641 1184 1682 hortulos
1210 1643 1405 1691 postridie
1431 1647 1492 1693 pi-

298 1713 518 1756 scarentur,
534 1708 732 1756 dixitque,
748 1708 845 1756 quid
861 1722 929 1747 eos
945 1709 1079 1748 facere
1094 1710 1230 1750 vellet.
1263 1710 1331 1750 Ad
1350 1725 1492 1751 cenam

298 1768 495 1823 tempori²
515 1779 628 1814 venit
656 1777 822 1822 Canius;
851 1780 1014 1825 opipare
1034 1791 1058 1815 a
1087 1777 1233 1825 Pythio
1253 1784 1492 1826 apparatum

296 1846 535 1891 convivium,
556 1845 791 1882 cumbarum
811 1850 908 1883 ante
928 1845 1064 1884 oculos
1084 1845 1326 1892 multitud05
1355 1859 1428 1894 pro
1447 1859 1491 1886 se

352 1978 559 2011 ‘dictitabat
571 1989 603 2017 c,
622 1978 732 2017 Edd.;
749 1980 907 2011 dictabat
923 1980 950 2011 B
969 1979 1004 2011 H
1021 1990 1044 2011 a
1060 1979 1094 2014 b.

294 2021 509 2099 Hgitggzpori
523 2022 551 2054 Β
571 2022 605 2054 Η
624 2022 659 2062 b,
676 2023 761 2063 Bt.¹,
777 2023 861 2060 Ed.;
879 2026 1030 2090 tempore
1045 2034 1068 2056 a
1084 2034 1126 2062 cg
1144 2025 1293 2068 temperi
1309 2025 1375 2065 1³1„
1397 2025 1484 2066 Bw,

401 2116 481 2157 326
