1546 2294
201 873 276 913 119

122 1477 250 1537 fiinibus,

202 1621 280 1655 120

595 82 796 124 CICERO
827 84 903 123 DE
933 85 1170 126 OFFICIIS

300 166 453 211 mortis,
491 165 752 213 perpetiendi
791 165 961 213 doloris;
1009 169 1133 206 etiam
1179 169 1494 215 temperantiam

301 227 502 267 inducunt
521 242 603 267 non
625 229 816 269 facillime
837 230 896 268 illi
923 231 1102 279 quidem,
1130 231 1203 270 sed
1227 236 1368 270 tamen
1396 244 1495 279 quo-

302 305 382 339 quo
401 293 522 336 modo
542 299 733 341 possunt3
754 295 897 333 dicunt
918 298 1027 333 enim
1047 295 1266 344 voluptatis
1291 298 1496 343 magnitu-

302 356 441 395 dinem
462 356 610 396 doloris
629 357 883 397 detractione
904 359 1018 398 finiri.
1071 359 1232 398 Iustitia
1250 359 1412 398 vacillat
1430 359 1495 398 vel

303 423 410 459 iacet
435 424 570 468 potius
591 433 813 470 omnesque
834 436 906 462 eae
926 426 1112 471 virtutes,
1133 437 1236 471 quae
1255 426 1299 462 in
1318 437 1497 462 commu-

304 487 435 523 nitate
474 491 698 525 cernuntur
737 492 781 526 et
818 490 861 525 in
900 490 1095 526 societate
1123 491 1287 535 generis
1316 487 1494 526 humani.

305 549 452 596 Neque
479 553 589 588 enim
609 551 769 590 bonitas
789 565 866 590 nec
886 552 1107 591 liberalitas
1125 565 1202 591 nec
1222 555 1390 591 comitas
1409 565 1498 591 esse

306 618 455 660 potest,
475 627 559 652 non
579 614 669 662 plus
689 628 810 662 quam
822 619 1020 669 amicitia,
1046 619 1079 654 si
1105 615 1207 655 haec
1237 629 1320 654 non
1351 629 1425 664 per
1454 628 1498 654 se

307 670 585 725 expetantur,l
616 679 690 717 sed
721 679 772 717 ad
804 680 1057 727 voluptatem
1087 680 1361 718 utilitatemve
1394 679 1500 718 refe-e

306 747 456 780 rantur.

361 805 623 845 Conferamus
643 810 768 854 igitur
787 811 830 846 in
850 821 987 856 pauca.

362 870 467 908 Nam
502 875 548 909 ut
580 871 802 910 utilitatem
836 872 990 911 nullam
1024 886 1112 911 esse
1145 871 1367 920 docuimus,
1396 886 1500 921 quae

306 933 512 973 honestati
533 940 642 974 esset
662 939 875 984 contraria,
897 939 953 975 sic
973 950 1137 976 omnem
1160 937 1412 985 voluptatem
1437 937 1499 976 di-

307 1001 434 1037 cimus
454 998 659 1038 honestati
682 1013 769 1038 esse
790 1003 1042 1039 contrariam.
1104 1000 1197 1048 Quo
1215 1003 1343 1048 magis
1361 1013 1498 1048 repre-

307 1061 546 1102 hendendos
592 1063 893 1111 Calliphontem
933 1070 976 1103 et
1016 1064 1313 1103 Dinomachum
1350 1064 1497 1110 iudico,

307 1129 375 1173 qui
395 1139 439 1165 se
459 1127 730 1175 dirempturos
751 1131 1062 1167 controversiam
1078 1133 1338 1176 putaverunt,
1358 1131 1498 1167 sicum

308 1190 524 1231 honestate
544 1193 796 1240 voluptatem
820 1198 1028 1240 tamquam
1059 1206 1151 1231 cum
1183 1193 1347 1232 homine
1378 1207 1498 1241 pecu-

308 1254 401 1293 dem
423 1256 731 1303 copulavissent.
765 1257 802 1294 N
805 1270 858 1294 on
879 1259 1023 1304 recipit
1038 1260 1157 1295 istam
1172 1259 1499 1297 coniunctionem

309 1317 513 1367 honestas,
542 1326 794 1368 aspernatur,
824 1321 997 1368 repellit.
1060 1322 1147 1359 Nec
1178 1334 1272 1359 vero
1307 1320 1395 1360 finis
1430 1322 1499 1360 bo-

309 1391 452 1417 norum
483 1370 544 1426 [et
573 1371 820 1427 malorum],²
848 1383 916 1427 qui
950 1379 1122 1428 simplex
1155 1392 1242 1418 esse
1276 1378 1415 1428 debet,
1449 1393 1500 1419 ex

308 1438 582 1477 dissimillimis
602 1440 721 1477 rebus
741 1442 899 1477 misceri
920 1443 964 1477 et
982 1441 1199 1486 temperari
1219 1443 1366 1486 potest.
1417 1438 1499 1479 Sed

308 1498 359 1536 de
376 1497 452 1536 hoc
468 1490 633 1545 (magna
649 1501 757 1536 enim
779 1511 841 1537 res
862 1490 943 1544 est)
962 1498 1041 1536 alio
1061 1498 1148 1536 loco
1168 1497 1369 1545 pluribus;
1388 1511 1497 1537 nunc

306 1557 357 1596 ad
378 1561 636 1605 propositum.

366 1615 501 1663 Quem
512 1617 564 1655 ad
576 1616 742 1654 modum
755 1619 892 1663 igitur,
901 1619 934 1654 si
946 1616 1107 1663 quando
1123 1629 1183 1662 ea,
1196 1629 1300 1662 quae
1312 1615 1472 1655 videtur
1481 1610 1496 1636 ⁸

307 1676 474 1722 utilitas,
494 1675 698 1714 honestati
723 1681 936 1723 repugnat,
957 1674 1215 1713 diiudicanda
1233 1687 1296 1713 res
1315 1677 1498 1722 sit,.satis

308 1740 371 1774 est
397 1748 516 1782 supra
541 1735 803 1782 disputatum.
864 1734 935 1773 Sin
954 1739 1092 1772 autem
1112 1736 1289 1781 speciem
1308 1733 1496 1772 utilitatis

307 1797 430 1832 etiam
454 1794 638 1841 voluptas
665 1793 815 1831 habere
844 1793 1015 1839 dicetur,
1036 1792 1148 1830 nulla
1176 1797 1312 1839 potest
1341 1804 1428 1830 esse
1457 1795 1495 1831 ei

305 1867 397 1891 cum
418 1852 632 1891 honestate
654 1855 895 1891 coniunctio.
956 1852 1074 1898 Nam,
1101 1856 1148 1889 ut
1174 1851 1397 1888 tribuamus
1422 1849 1494 1888 ali·

352 1925 590 1966 'expetantur
604 1925 647 1962 Α,
669 1925 778 1963 Edd.;
795 1927 1031 1966 expectantur
1050 1924 1076 1955 B
1094 1935 1135 1962 εις
1152 1925 1407 1965 exspectantur
1421 1933 1452 1956 c.

350 1969 363 1989 ²
377 1969 538 2001 Omitted
556 1969 603 2011 by
622 1969 802 2005 Muretus:
820 1967 1017 2000 bracketed
1035 1967 1083 2009 by
1101 1967 1229 2005 Heine.
1249 1966 1330 2006 Ed„
1348 1970 1384 1998 et
1399 1967 1447 2000 al.

352 2012 365 2033 ³
378 2014 526 2045 videtur
538 2024 569 2052 c,
591 2013 701 2051 Edd.;
719 2013 905 2046 videretur
922 2012 948 2044 B
969 2012 1002 2044 H
1021 2022 1043 2043 a
1061 2011 1103 2049 ὸς
1121 2011 1334 2044 viderentur
1346 2010 1389 2044 A.

413 2069 493 2102 400
