1546 2294
193 287 237 321 ‘21

568 59 768 99 CICERO
800 60 875 98 DE
905 61 1141 103 OFFICIIS

273 152 365 176 cum
385 140 668 186 magnitudine
696 141 885 180 utilitatis
912 149 1188 191 comparetur;
1215 147 1275 183 ita
1293 145 1464 186 fortasse

274 215 396 249 etiam
418 213 576 251 brevior
594 213 807 252 videbitur.

330 283 622 332 Quaecumque
654 289 779 333 igitur
809 286 995 327 homines
1020 289 1176 328 homini
1202 291 1390 330 tribuunt
1415 291 1468 330 ad

273 370 367 394 eum
391 358 627 404 augendum
649 363 773 406 atque
797 359 1112 409 honestandam,
1135 367 1207 401 aut
1230 363 1467 402 benivolen-

274 431 354 467 tiae
380 433 512 476 gratia
538 430 707 478 faciunt,
735 445 827 470 cum
853 432 986 480 aliqua
1011 434 1064 472 de
1092 448 1211 473 causa
1235 439 1466 484 quempiam

272 501 464 549 diligunt,
495 487 567 541 aut
597 503 774 551 honoris,
805 507 838 542 si
871 508 982 544 cuius
1008 509 1203 545 virtutem
1228 511 1466 556 suspiciunt,

271 587 475 621 quemque
500 575 671 622 dignum
695 576 860 615 fortuna
886 591 1006 625 quam
1033 579 1278 627 amplissima
1303 585 1466 629 putant,

271 652 343 684 aut
367 649 431 684 cui
457 647 579 685 fidem
603 647 760 686 habent
791 654 834 687 et
865 650 972 688 bene
998 652 1119 690 rebus
1146 655 1227 690 suis
1257 653 1466 691 consulere

271 719 532 767 arbitrantur,
563 725 635 758 aut
666 724 778 759 cuius
810 735 907 769 opes
937 728 1142 771 metuunt,
1168 729 1240 762 aut
1266 730 1419 772 contra,
1445 739 1470 763 a

271 792 417 838 quibus
437 791 591 839 aliquid
613 799 867 841 exspectant,
888 800 934 833 ut
954 808 1046 833 cum
1066 809 1184 843 reges
1202 797 1467 844 popularesve

271 863 456 902 homines
475 864 712 912 largitiones
732 866 885 914 aliquas
905 873 1151 915 proponunt,
1171 874 1244 907 aut
1262 875 1467 917 postremo

270 940 403 983 pretio
435 951 481 975 ac
512 939 703 977 mercede
730 939 949 987 ducuntur,
976 954 1079 987 quae
1103 941 1375 980 sordidissima
1401 948 1464 981 est

269 1009 339 1046 illa
372 1009 538 1056 quidem
571 1013 674 1049 ratio
708 1017 752 1049 et
785 1014 1108 1060 inquinatissima
1141 1019 1186 1052 et
1217 1016 1278 1062 iis,
1312 1017 1381 1062 qui
1415 1028 1464 1054 ea

269 1087 479 1129 tenentur,
507 1087 550 1120 et
577 1083 668 1130 illis,
694 1086 764 1131 qui
787 1084 839 1122 ad
865 1076 977 1122 eam1
998 1085 1219 1133 confugere
1245 1092 1464 1134 eonantur;

270 1154 376 1191 male
399 1157 509 1192 enim
530 1168 573 1193 se
593 1169 657 1193 res
681 1155 820 1203 habet,
842 1170 947 1204 cum,
968 1157 1077 1204 quod
1097 1161 1248 1196 virtute
1272 1159 1374 1197 effici
1393 1159 1465 1198 de-

270 1227 355 1273 bet,
376 1226 418 1265 id
438 1232 668 1275 temptatur
689 1232 871 1275 pecunia.
934 1229 1016 1269 Sed
1037 1233 1227 1277 quoniam
1246 1244 1329 1269 non
1348 1245 1466 1270 num-

269 1313 390 1346 quam
403 1299 480 1337 hoc
493 1301 717 1338 subsidium
730 1305 1001 1340 necessarium
1016 1307 1091 1349 est,
1100 1316 1221 1350 quem
1237 1303 1287 1342 ad
1300 1304 1465 1342 modum

267 1375 321 1410 sit
339 1372 542 1410 utendum
561 1386 624 1420 eo,
645 1373 840 1420 dicemus,
860 1377 893 1412 si
913 1377 1022 1421 prius
1042 1377 1090 1413 iis
1102 1367 1119 1392 ²
1138 1375 1191 1413 de
1210 1376 1344 1423 rebus,
1360 1390 1463 1424 quae

267 1447 408 1482 virtuti
428 1447 635 1491 propiores
655 1450 764 1492 sunt,
784 1446 1014 1486 dixerimus.

322 1517 460 1564 Atque
482 1520 606 1555 etiam
627 1519 833 1557 subiciunt
848 1532 891 1557 se
912 1519 1096 1558 homines
1109 1523 1278 1568 imperio
1292 1521 1460 1561 alterius

265 1594 308 1627 et
329 1593 523 1636 potestati
544 1590 596 1628 de
617 1594 745 1629 causis
765 1590 958 1638 pluribus.
1021 1591 1238 1631 Ducuntur
1257 1596 1366 1632 enim
1389 1600 1460 1632 aut

265 1661 542 1700 benivolentia
556 1668 627 1700 aut
640 1663 927 1702 beneficiorum
944 1665 1226 1711 magnitudine
1241 1670 1314 1704 aut
1328 1666 1461 1714 digni-

263 1737 359 1772 tatis
392 1738 640 1781 praestantia
671 1741 742 1773 aut
774 1749 844 1783 spe
872 1737 948 1774 sibi
975 1737 1018 1775 id
1043 1737 1145 1776 utile
1177 1737 1359 1776 futurum
1390 1743 1462 1777 aut

260 1812 387 1853 metu,
423 1820 475 1845 ne
515 1810 554 1845 vi
592 1821 733 1854 parere
773 1814 984 1856 cogantur,
1018 1815 1090 1847 aut
1123 1823 1195 1857 spe
1234 1810 1459 1858 largitionis

547 1925 645 1958 ¹eam
663 1937 693 1964 c,
715 1926 823 1965 Edd.;
841 1938 882 1958 ea
902 1927 928 1958 B
948 1927 982 1958 H
1001 1937 1024 1959 a
1040 1926 1074 1960 b.

538 1984 552 2004 ²
565 1986 612 2017 iis
630 1986 720 2018 Edd.
737 1998 746 2024 ;
768 1987 826 2018 his
843 1987 871 2018 B
890 1987 923 2018 H
942 1997 966 2019 a.
982 1987 1005 2018 b
1020 1999 1028 2025 3
1051 1987 1123 2029 hijs
1138 1997 1170 2022 c.

370 2041 446 2075 188
