1546 2294
162 259 240 292 104·

164 1213 240 1246 105

565 120 765 160 CICERO
796 121 873 160 DE
903 123 1140 165 OFFICIIS

269 212 352 237 non
379 202 432 238 sit
457 200 603 248 aliena,
623 204 680 240 sic
706 205 749 240 in
772 206 859 250 ipso
883 206 969 242 ioco
992 205 1155 252 aliquod
1175 207 1290 254 probi
1310 210 1463 255 ingenii

269 255 410 294 lumen
441 256 611 295 eluceat.
672 258 835 305 Duplex
861 263 1026 298 omnino
1052 267 1115 300 est
1140 263 1298 302 iocandi
1320 277 1464 311 genus,

270 325 397 349 unum
445 313 656 360 illiberale,
695 315 898 363 petulans,
936 316 1191 365 flagitiosum,
1230 320 1464 367 obscenum,

270 368 445 406 alterum
493 369 671 417 elegans,
710 372 924 419 urbanum,
962 376 1231 421 ingeniosum,
1271 375 1460 414 facetum.

271 423 363 470 Quo
388 438 542 471 genere
569 439 652 463 non
675 427 796 465 modo
823 427 987 467 Plautus
1010 435 1150 468 noster
1169 436 1213 469 et
1232 431 1462 470 Atticorum

269 483 436 527 antiqua
462 482 682 529 comoedia,
710 483 782 521 sed
812 487 935 522 etiam
964 484 1294 534 philosophorum
1324 488 1463 527 Socra-

269 539 440 574 ticorum
460 537 553 575 libri
572 538 714 577 referti
733 545 842 586 sunt,
861 541 1071 588 multaque
1090 542 1310 581 multorum
1330 543 1463 582 facete

270 592 392 639 dicta,
414 598 460 631 ut
483 607 543 640 ea,
565 607 668 641 quae
691 609 716 632 a
739 609 837 634 sene
862 596 1015 635 Catone
1040 598 1211 637 collecta
1230 603 1339 646 sunt,
1358 613 1462 647 quae

270 654 417 687 vocant
454 648 747 697 ἀποφθέγματα.
810 652 953 691 Facilis
990 656 1116 700 igitur
1153 660 1217 693 est
1254 655 1463 694 distinctio

270 707 438 752 ingenui
476 711 520 744 et
557 706 762 745 illiberalis
800 710 887 746 ioci.
947 708 1068 748 Alter
1101 715 1177 758 est,
1211 713 1244 749 si
1276 716 1461 759 tempore

271 761 330 807 fit,
350 766 396 799 ut
423 764 456 799 si
482 764 648 801 remisso
674 766 822 810 animo,
845 765 1067 811 gravissimo
1093 765 1258 805 homine
1285 760 1463 815 dignus,¹

270 817 375 855 alter
401 831 454 855 ne
480 818 609 856 libero
636 819 814 866 quidem,
847 823 879 858 si
910 834 1045 859 rerum
1074 823 1319 870 turpitudini
1347 823 1462 862 adhi-

270 873 390 911 betur
410 868 648 912 verborum²
667 876 904 914 obscenitas.

327 929 516 968 Ludendi
555 933 679 968 etiam
718 937 781 970 est
819 932 983 979 quidam
1022 933 1166 972 modus
1208 935 1461 982 retinendus,

271 990 317 1024 ut
343 999 396 1023 ne
422 988 542 1024 nimis
569 989 704 1024 omnia
729 986 1020 1034 profundamus
1047 989 1226 1037 elatique
1252 991 1461 1038 voluptate

270 1044 313 1079 in
346 1041 522 1089 aliquam
554 1043 852 1090 turpitudinem
883 1044 1128 1083 delabamur.
1188 1046 1462 1094 Suppeditant

270 1102 408 1136 autem
436 1103 479 1136 et
504 1111 668 1146 campus
693 1105 833 1138 noster
858 1105 901 1138 et
927 1101 1061 1138 studia
1090 1102 1264 1140 venandi
1290 1102 1462 1142 honesta

271 1154 457 1201 exempla
484 1154 665 1193 ludendi.
1479 1198 1482 1202 ,

329 1210 457 1247 ΧΧΧ.
490 1210 572 1249 Sed
591 1213 773 1257 pertinet
792 1211 843 1249 ad
863 1225 1026 1250 omnem
1046 1213 1163 1250 officii
1183 1217 1461 1260 quaestionem

271 1279 431 1312 semper
449 1268 492 1303 in
511 1272 701 1314 promptu
722 1267 886 1313 habere,
907 1274 1105 1314 quantum
1123 1274 1268 1307 natura
1287 1269 1462 1308 hominis

271 1321 494 1368 pecudibus
523 1322 767 1369 reliquisque
797 1323 927 1361 beluis
960 1324 1199 1371 antecedat3
1232 1325 1326 1364 illae
1360 1326 1462 1364 nihil

271 1380 456 1415 sentiunt
483 1381 560 1416 nisi
579 1378 831 1426 voluptatem
859 1379 911 1417 ad
941 1392 1111 1427 eamque
1141 1380 1328 1419 feruntur
1352 1385 1461 1420 omni

271 1436 442 1480 impetu,
480 1433 654 1472 hominis
692 1439 830 1472 autem
868 1448 984 1473 mens
1023 1436 1217 1474 discendo
1254 1437 1377 1475 alitur
1418 1442 1462 1476 et

271 1489 501 1535 cogitando,
541 1503 701 1537 semper
738 1490 891 1537 aliquid
932 1496 1004 1529 aut
1044 1495 1222 1539 anquirit
1262 1498 1334 1531 aut
1375 1496 1461 1541 agit

271 1545 518 1592 videndique
539 1551 582 1584 et
601 1546 793 1584 audiendi
818 1547 1093 1586 delectatione
1116 1548 1289 1587 ducitur.
1349 1548 1460 1596 Quin

270 1603 407 1648 etiam,
441 1604 475 1639 si
508 1604 597 1648 quis
631 1607 694 1640 est
724 1602 844 1649 paulo
873 1603 926 1640 ad
955 1603 1184 1651 voluptates
1213 1607 1460 1652 propensior,

270 1657 390 1694 modo
410 1671 462 1695 ne
483 1659 535 1695 sit
555 1671 605 1696 ex
626 1658 829 1705 pecudum
848 1671 1001 1705 genere
1026 1651 1140 1705 (sunt
1163 1663 1273 1698 enim
1296 1661 1460 1707 quidam

270 1713 453 1751 homines
479 1726 562 1751 non
588 1727 646 1761 re,
667 1713 740 1752 sed
766 1706 962 1762 nomine),
983 1715 1056 1753 sed
1083 1718 1115 1754 si
1142 1718 1230 1763 quis
1255 1721 1318 1755 est
1340 1716 1461 1764 paulo

314 1826 326 1846 ¹
334 1827 399 1870 fit,
417 1830 460 1859 ut
471 1827 508 1859 si
526 1827 669 1859 remisso
684 1827 818 1866 animo,
831 1828 1049 1870 gravissimo
1064 1828 1206 1861 homine
1228 1830 1361 1872 dig-nus
1378 1830 1462 1869 Ed.;

269 1871 326 1911 fit,
352 1874 394 1903 ut
415 1874 465 1912 (et
486 1870 520 1912 e)
544 1871 687 1903 remisso
709 1871 831 1903 animo
846 1871 988 1904 homine
1004 1873 1137 1915 dig-nus
1152 1873 1275 1912 MSS.;
1281 1874 1337 1917 fit
1349 1878 1418 1906 aut
1429 1875 1467 1907 si

271 1926 355 1947 rem.
374 1926 436 1947 an.
455 1925 585 1957 magno
599 1914 742 1947 homine
759 1915 914 1958 Madvig
926 1927 935 1954 ;
943 1916 1008 1959 fit,
1025 1920 1069 1949 ut
1085 1917 1138 1949 sit
1151 1917 1310 1949 remissio
1325 1918 1460 1958 animo,

269 1958 411 1991 homine
427 1959 559 2001 dignus
576 1958 716 2000 Unger.

311 2009 325 2030 ²
338 2011 564 2052 turpitudini
576 2010 767 2043 adhibetur
779 2010 962 2044 verborum
978 2011 1011 2043 A
1028 2012 1056 2044 B
1075 2011 1110 2044 H
1127 2023 1150 2045 a
1167 2011 1202 2051 b,
1218 2011 1329 2052 Edd.;
1346 2014 1457 2056 turpi-

276 2055 360 2087 tudo
375 2054 567 2086 adhibetur
579 2058 615 2086 et
628 2054 810 2087 verborum
828 2054 856 2086 L
872 2065 902 2087 e.

383 2104 459 2144 106
