1520 2320
173 750 224 787 53

176 1450 226 1484 54

550 117 751 157 CICERO
782 117 858 156 DE
888 117 1123 158 OFFICIIS

255 199 377 238 fidele
397 199 640 238 deliberanti
660 200 770 247 dare,
792 214 895 248 quae
916 206 1012 240 sunt
1034 204 1084 240 iis
1109 202 1234 249 utilia,
1255 204 1324 250 qui
1343 205 1445 241 acci-

255 270 386 316 piunt,
416 267 532 306 danti
564 281 648 306 non
673 268 855 307 molesta.
916 267 1052 316 Quare
1079 274 1123 308 et
1153 269 1216 308 his
1246 270 1445 309 utendum

256 340 320 375 est
358 341 402 375 et
439 349 600 384 semper
647 336 800 384 aliquid
838 337 891 375 ad
930 351 1187 376 communem
1225 338 1446 377 utilitatem

254 404 516 444 afferendum.
562 405 645 444 Sed
665 408 855 452 quoniam
875 409 1012 454 copiae
1034 420 1179 454 parvae
1199 407 1446 454 singulorum

254 478 363 521 sunt,
380 486 519 512 eorum
534 479 686 521 autem,
702 477 770 521 qui
790 473 852 512 his
873 479 1035 522 egeant,
1051 474 1209 513 infinita
1229 480 1292 514 est
1311 475 1446 514 multi-

256 542 370 590 tudo,
385 542 560 589 vulgaris
579 542 800 581 liberalitas
815 542 1030 581 referenda
1046 547 1109 581 est
1123 543 1174 582 ad
1190 543 1305 581 illum
1325 544 1446 583 Ennii

254 610 398 650 finem:
419 601 593 649 “Nihilo
612 614 745 650 minus
764 614 840 659 ipsi
859 611 1010 659 lucet,''
1031 617 1079 650 ut
1098 611 1267 651 facultas
1287 615 1352 660 sit,
1368 626 1448 660 qua

253 681 298 718 in
317 684 475 718 nostros
494 682 616 718 simus
635 679 832 719 liberales.

311 747 444 786 XVII.
477 748 636 787 Gradus
656 754 795 787 autem
815 748 951 796 plures
971 754 1067 787 sunt
1087 751 1292 788 societatis
1318 749 1447 788 homi-

255 829 365 855 num.
427 816 486 855 Ut
506 819 616 855 enim
639 817 690 855 ab
716 816 786 854 illa
812 817 971 855 infinita
999 817 1244 865 discedatur,
1264 810 1447 866 propior¹

256 889 321 924 est
353 884 536 923 eiusdem
562 887 712 932 gentis,
740 887 929 932 nationis,
957 884 1135 933 linguae,
1162 899 1241 932 qua
1273 888 1448 924 maxime

255 951 442 991 homines
470 956 795 1000 coniunguntur;
825 956 996 991 interius
1024 956 1147 991 etiam
1175 958 1239 992 est
1265 954 1447 992 eiusdem

256 1034 345 1060 esse
366 1024 562 1068 civitatis;
592 1022 721 1060 multa
741 1025 852 1060 enim
872 1027 968 1060 sunt
988 1022 1139 1060 civibus
1155 1025 1265 1061 inter
1279 1035 1322 1061 se
1338 1036 1446 1061 com-

255 1092 405 1137 munia,
418 1089 564 1137 forum,
579 1089 686 1137 fana,
702 1093 894 1138 porticus,
910 1093 1011 1137 viae,
1028 1090 1155 1138 leges,
1171 1093 1270 1138 iura,
1285 1091 1444 1138 iudicia,

254 1158 454 1206 suffragia,
487 1159 802 1197 consuetudines
834 1164 1047 1206 praeterea
1078 1164 1122 1198 et
1153 1158 1447 1198 familiaritates

256 1226 477 1274 multisque
498 1240 591 1264 curn
611 1227 750 1265 multis
770 1240 834 1265 res
854 1230 1113 1274 rationesque
1133 1233 1376 1266 contractae.

311 1299 449 1338 Artior
463 1313 559 1338 vero
580 1300 784 1347 colligatio
805 1305 868 1338 est
883 1303 1087 1338 societatis
1108 1303 1426 1348 propinquorum
1438 1314 1448 1347 ;

254 1372 306 1410 ab
334 1371 404 1410 illa
433 1374 542 1410 enim
571 1375 769 1410 immensa
798 1375 992 1410 societate
1023 1372 1189 1411 humani
1215 1377 1378 1420 generis
1403 1377 1445 1412 in

256 1447 448 1492 exiguum
478 1450 778 1492 angustumque
811 1445 1076 1483 concluditur.
1137 1446 1242 1484 Nam
1273 1460 1366 1484 cum
1394 1449 1448 1486 sit

255 1518 332 1557 hoc
351 1523 496 1556 natura
523 1531 737 1556 commune
765 1521 1045 1566 animantium,
1066 1523 1113 1556 ut
1138 1518 1317 1558 habeant
1342 1519 1445 1558 lubi-

255 1591 393 1630 dinem
414 1591 664 1638 procreandi,
680 1594 808 1638 prima
824 1594 993 1629 societas
1009 1594 1051 1628 in
1067 1594 1154 1638 ipso
1169 1594 1356 1639 coniugio
1369 1598 1444 1640 est,

254 1666 435 1712 proxima
469 1666 511 1700 in
546 1663 696 1710 liberis,
728 1663 877 1702 deinde
913 1677 993 1701 una
1027 1663 1183 1711 domus,
1215 1668 1444 1704 communia

254 1739 408 1781 omnia;
438 1735 480 1773 id
499 1741 638 1774 autem
659 1741 721 1774 est
742 1739 985 1783 principium
1007 1737 1115 1775 urbis
1135 1742 1179 1775 et
1198 1740 1309 1784 quasi
1326 1741 1444 1776 semi·

254 1812 411 1847 narium
444 1812 503 1847 rei
537 1809 734 1856 publicae.
795 1809 1030 1856 Sequuntur
1068 1809 1238 1848 fratrum
1277 1813 1442 1849 coniun-

253 1885 421 1929 ctiones,
437 1887 530 1929 post
549 1882 878 1919 consobrinorum
899 1883 1246 1930 sobrium-umque,
1262 1885 1330 1930 qui
1351 1897 1442 1922 cum

252 1969 332 1993 una
351 1955 471 1993 domo
491 1957 570 1992 iam
591 1957 679 2002 capi
699 1968 780 1992 non
802 1957 970 2001 possint,
991 1957 1032 1992 in
1053 1955 1150 1993 alias
1174 1955 1314 1993 domos
1337 1961 1442 1994 tam-

362 2052 369 2071 ¹
375 2053 522 2096 propior
535 2053 567 2084 A
583 2062 605 2084 a
623 2063 642 2084 c
659 2051 718 2094 (ex
735 2052 855 2094 corn),
877 2051 986 2090 Edd.;
999 2052 1164 2095 proprior
1179 2052 1206 2084 B
1226 2052 1259 2085 H
1278 2052 1311 2087 b.

364 2103 415 2143 56
