1546 2294
185 172 260 209 147

197 1126 271 1160 148

197 1726 274 1766 149

586 82 786 126 CICERO
818 82 893 126 DE
922 83 1159 128 OFFICIIS

348 169 436 207 Nec
456 182 551 207 vero
570 168 749 206 alienum
770 173 834 207 est
853 168 906 207 ad
925 182 973 208 ea
989 169 1192 216 eligenda,
1206 183 1308 217 quae
1325 169 1484 208 dubita-

294 240 449 276 tionem
469 237 656 284 afferunt,
677 236 874 276 adhibere
903 237 1045 276 doctos
1071 237 1256 277 homines
1277 237 1343 277 vel
1365 241 1489 277 etiam

293 320 367 344 usu
389 308 540 354 peritos
561 311 617 352 et,
639 305 738 353 quid
758 308 806 344 iis
826 305 879 344 de
900 319 1061 353 quoque
1089 306 1206 344 officii
1225 319 1378 354 genere
1405 306 1489 355 pla-

295 380 399 422 ceat,
427 377 651 421 exquirere.
715 374 844 412 Maior
873 377 986 428 ¹enim
1018 388 1110 422 pars
1142 388 1191 413 eo
1222 374 1309 414 fere
1342 374 1491 414 deferri

296 444 413 490 solet,
429 456 509 490 quo
528 457 552 481 a
571 448 716 481 natura
735 445 821 490 ipsa
840 442 1067 481 deducitur.
1116 442 1165 481 In
1185 443 1330 491 quibus
1350 443 1490 482 viden-

296 512 394 551 dum
433 516 509 558 est,
549 524 631 549 non
670 510 792 549 modo
832 511 930 558 quid
969 512 1138 558 quisque
1177 511 1378 559 loquatur,
1416 511 1488 551 sed

298 583 421 619 etiam
460 579 559 627 quid
598 582 768 627 quisque
809 582 961 618 sentiat
999 584 1123 627 atque
1162 582 1286 618 etiam
1324 580 1377 619 de
1410 594 1490 628 qua

298 663 416 687 causa
454 651 624 695 quisque
667 650 828 686 sentiat.
903 648 962 687 Ut
1000 651 1108 687 enim
1155 651 1330 696 pictores
1367 654 1412 688 et
1448 651 1486 697 ii,

299 721 367 766 qui
397 721 512 764 signa
542 716 804 764 fabricantur,
833 721 877 755 et
911 730 1006 755 vero
1038 719 1161 755 etiam
1196 722 1342 765 poetae
1376 730 1491 756 suum

299 790 469 834 quisque
482 798 582 833 opus
597 799 621 822 a
633 785 755 832 vulgo
772 784 1014 823 considerari
1024 785 1192 833 vult,ut,
1202 788 1235 824 si
1247 786 1344 833 quid
1358 799 1494 834 repre·

300 855 473 893 hensum
500 857 553 892 sit
572 867 595 891 a
616 853 812 901 pluribus,
832 853 874 891 id
895 856 1131 900 corrigatur,
1151 857 1260 902 iique
1289 860 1332 893 et
1359 868 1494 893 secum

302 929 345 962 et
370 923 422 961 ab
442 914 558 969 aliis,l
589 921 687 969 quid
716 924 758 959 in
780 935 829 960 eo
856 927 1070 969 peecatum
1097 925 1163 969 sit,
1185 925 1418 970 exquirunt,
1437 926 1494 962 sic

301 984 468 1021 aliorum
500 982 648 1020 iudicio
680 981 882 1028 permulta
908 982 1023 1020 nobis
1053 987 1096 1020 et
1130 982 1315 1021 facienda
1341 988 1385 1021 et
1410 996 1491 1021 non

303 1050 487 1089 facienda
507 1055 550 1088 et
569 1049 764 1088 mutanda
785 1055 828 1088 et
848 1050 1086 1097 corrigenda
1105 1055 1211 1090 sunt.

358 1119 474 1167 Quae
496 1131 590 1157 vero
610 1131 721 1156 more
742 1123 917 1165 agentur
931 1121 1210 1166 institutisque
1226 1119 1424 1167 civilibus,
1439 1119 1490 1158 de

302 1191 350 1226 iis
370 1187 472 1225 nihil
492 1191 556 1225 est
575 1185 925 1233 praecipiendum3
955 1186 1024 1223 illa
1044 1189 1153 1224 enim
1173 1189 1258 1234 ipsa
1278 1193 1494 1236 praecepta

303 1261 411 1302 sunt,
433 1269 509 1293 nec
537 1268 781 1301 quemquam
811 1254 887 1292 hoc
916 1267 1050 1292 errore
1070 1254 1163 1293 duci
1187 1260 1362 1303 oportet,
1383 1261 1442 1304 ut,
1462 1258 1496 1295 si

304 1324 402 1373 quid
430 1324 614 1362 Socrates
641 1327 713 1361 aut
740 1322 971 1369 Aristippus
993 1327 1134 1361 contra
1153 1337 1307 1362 morem
1328 1337 1495 1363 consue·

304 1393 572 1439 tudinemque
594 1390 754 1429 civilem
783 1390 958 1428 fecerint
978 1390 1154 1430 locutive
1175 1393 1270 1439 sint,
1290 1391 1400 1431 idem
1420 1393 1496 1431 sibi

304 1463 522 1500 arbitretur
547 1459 691 1505 licere;
720 1461 878 1505 magnis
908 1458 967 1496 illi
994 1463 1038 1497 et
1067 1458 1213 1498 divinis
1245 1459 1359 1499 bonis
1389 1459 1494 1499 hanc

304 1527 511 1565 licentiam
531 1523 861 1570 assequebantur.
914 1523 1154 1570 Cynicorum
1175 1537 1269 1562 vero
1288 1527 1391 1563 ratio
1406 1530 1492 1563 tota

305 1596 368 1630 est
387 1588 591 1634 eicienda;
620 1593 683 1626 est
703 1590 812 1625 enim
832 1589 994 1625 inimica
1014 1588 1294 1635 verecundiae,
1308 1591 1394 1628 sine
1415 1603 1493 1637 qua

305 1655 405 1694 nihil
427 1659 583 1692 rectum
604 1665 691 1690 esse
712 1656 860 1699 potest,
882 1651 982 1689 nihil
1003 1651 1231 1691 honestum.

360 1720 439 1757 Eos
454 1722 605 1764 autem,
621 1730 791 1763 quorum
805 1719 886 1753 vita
899 1721 1111 1763 perspecta
1123 1719 1165 1754 in
1180 1717 1300 1756 rebus
1315 1716 1494 1757 honestis

304 1790 426 1831 atque
453 1784 610 1829 magnis
637 1785 714 1827 est,
734 1781 840 1819 bene
867 1780 920 1819 de
947 1794 990 1819 re
1017 1780 1178 1828 publica
1204 1784 1430 1821 sentientes
1449 1796 1495 1821 ac

304 1851 410 1888 bene
430 1849 595 1887 meritos
615 1850 686 1883 aut
705 1850 910 1883 merentes
930 1847 987 1883 sic
1006 1837 1077 1883 ut2
1095 1845 1230 1892 aliquo
1252 1845 1405 1885 honore
1425 1852 1494 1885 aut

361 1934 415 1967 'et
429 1933 473 1965 ab
488 1932 574 1965 aliis
589 1943 624 1970 a,
646 1930 716 1970 Bt„
738 1930 820 1969 Ed.;
838 1931 925 1963 aliis
950 1931 977 1963 B
997 1930 1030 1963 H
1050 1930 1086 1969 b;
1104 1933 1139 1963 et
1153 1942 1231 1964 cum
1247 1931 1335 1964 aliis
1350 1942 1383 1971 ος
1399 1935 1435 1964 et
1447 1943 1492 1965 ex

316 1979 403 2012 aliis
421 1978 560 2019 Unger,
580 1976 717 2008 Muller.

353 2022 429 2054 ¹sic
442 2024 484 2053 ut
500 2021 527 2053 L
544 2031 578 2063 p,
599 2019 758 2057 Nonius;
775 2022 838 2051 not
852 2018 886 2050 in
906 2018 932 2049 B
953 2018 986 2050 H
1005 2017 1028 2051 b
1043 2029 1073 2052 c.

417 2077 493 2111 150
