1546 2294
604 129 805 168 CICERO
836 129 912 167 DE
942 130 1180 171 OFFICIIS

303 214 360 251 'ab
377 211 455 250 hoc
475 211 587 249 nulla
606 210 714 248 fraus
734 211 879 256 aberit,
899 210 1058 248 nullum
1079 211 1244 252 facinus.
1307 213 1375 253 Sic
1395 215 1506 252 enim

313 288 512 332 cogitans:
543 274 652 321 “Est
684 286 788 321 istuc
813 283 979 329 quidem
1008 282 1243 332 honestum,
1262 299 1404 324 verum
1430 285 1509 324 hoe

307 356 512 405 expedit,”
554 369 617 394 res
656 370 679 393 a
717 360 862 393 natura
907 355 1114 403 copulatas
1162 357 1331 396 audebit
1376 371 1510 396 errore

311 430 519 476 divellere,
540 432 609 476 qui
629 428 719 466 fons
740 433 803 466 est
822 427 1039 476 fraudium,
1061 429 1363 477 maleficiorum,
1383 414 1510 468 sceless

307 506 398 541 vTum
418 505 608 540 omnium.

369 575 481 613 XIX.
515 574 674 622 Itaque,
694 576 727 612 si
748 577 807 611 vir
828 574 956 612 bonus
980 573 1130 612 habeat
1153 574 1259 613 hanc
1279 577 1375 623 vim,
1394 581 1454 623 ut,
1475 578 1508 614 si

314 649 452 696 digitis
468 649 762 694 concrepuerit,
779 649 906 694 possit
921 649 964 684 in
979 646 1246 694 locupletium
1261 651 1510 686 testamenta

314 734 464 760 nomen
484 723 569 758 eius
590 723 790 767 inrepere,
811 719 887 757 hae
907 722 947 756 vi
967 733 1050 757 non
1071 725 1224 767 utatur,
1243 733 1297 759 ne
1317 723 1351 759 si
1371 720 1510 768 explo-

313 800 446 833 ratum
466 792 632 840 quidem
652 792 802 830 habeat
821 791 864 829 id
890 794 1055 830 omnino
1082 795 1292 831 neminem
1317 806 1510 840 umquam

312 869 618 914 suspicaturum.
681 864 739 902 At
772 863 889 902 dares
922 863 1028 901 hanc
1063 866 1146 902 vim
1181 864 1237 902 Μ.
1275 865 1429 912 Crasso,
1462 870 1512 904 ut

314 938 532 986 digitorum
553 939 811 984 percussione
831 935 950 974 heres
970 941 1108 983 posset
1128 939 1300 984 scriptus
1321 950 1422 984 esse,
1439 940 1508 985 qui

312 1024 356 1050 re
377 1024 471 1049 vera
490 1023 573 1048 non
594 1014 702 1047 esset
723 1008 854 1055 heres,
875 1010 917 1045 in
938 1007 1037 1055 foro,
1054 1007 1154 1045 mihi
1175 1008 1309 1054 crede,
1325 1009 1502 1048 saltaret.

313 1084 450 1122 Homo
487 1087 626 1120 autem
665 1084 794 1119 iustus
827 1083 955 1127 isque,
986 1093 1108 1127 quem
1142 1083 1340 1119 sentimus
1373 1083 1503 1120 virum

311 1157 475 1201 bonurn,
496 1154 597 1192 nihil
619 1156 820 1200 cuiquam,
841 1152 949 1199 quod
975 1155 1018 1190 in
1045 1165 1088 1191 se
1115 1152 1346 1200 transferat,
1367 1153 1503 1192 detra-

311 1229 394 1267 het.
456 1227 549 1265 Hoc
570 1229 638 1273 qui
667 1225 901 1271 admiratur,
923 1227 955 1262 is
985 1237 1042 1271 se,
1063 1224 1161 1271 quid
1190 1227 1244 1263 sit
1273 1227 1333 1263 vir
1361 1225 1504 1273 bonus,

227 1301 281 1344 76
311 1303 466 1339 nescire
488 1299 675 1338 fateatur.
737 1298 794 1335 At
814 1311 922 1344 ver0,
943 1300 976 1335 si
996 1300 1065 1344 qui
1093 1297 1268 1336 voluerit
1293 1301 1418 1336 animi
1443 1296 1506 1337 sui

310 1373 592 1421 complicatam
619 1373 829 1409 notionem
858 1370 1058 1417 evolvere,
1080 1373 1161 1408 iam
1189 1383 1232 1409 se
1252 1373 1339 1418 ipse
1360 1371 1507 1410 doceat

311 1461 403 1485 cum
434 1448 563 1483 virum
596 1445 749 1482 bonum
782 1456 883 1489 esse,
914 1445 983 1490 qui
1017 1445 1157 1490 prosit,
1189 1443 1334 1490 quibus
1366 1446 1506 1492 possit,

310 1523 455 1557 noceat
484 1519 638 1555 nemini
668 1518 745 1554 nisi
776 1515 985 1553 lacessitus
1017 1517 1172 1552 iniuria.
1234 1513 1345 1562 Quid
1377 1516 1506 1564 ergo?

309 1591 375 1629 hic
395 1604 477 1628 non
505 1593 664 1636 noceat,
685 1590 753 1635 qui
781 1587 955 1634 quodam
983 1589 1095 1634 quasi
1123 1598 1283 1625 veneno
1308 1586 1504 1636 perficiat,

308 1669 355 1701 ut
375 1675 489 1700 veros
509 1660 682 1699 heredes
697 1664 871 1706 moveat,
888 1662 930 1696 in
951 1672 1090 1697 eorum
1109 1658 1244 1696 locum
1263 1661 1350 1706 ipse
1365 1671 1503 1698 succe-

309 1736 405 1773 dat?
463 1724 489 1742 “
499 1733 591 1771 Non
611 1735 736 1779 igitur
756 1731 917 1778 faciat,”
940 1731 1089 1769 dixerit
1111 1733 1213 1778 quis,
1235 1721 1378 1778 “quod
1401 1731 1503 1770 utile

308 1811 374 1855 sit,
409 1805 517 1854 quod
552 1804 744 1852 expediat
759 1804 774 1841 ?
789 1803 812 1817 ''
874 1802 1004 1841 Immo
1037 1802 1254 1849 intellegat
1289 1802 1391 1840 nihil
1425 1816 1503 1842 nec

352 1930 458 1961 aThe
487 1928 650 1960 Platonic
675 1926 837 1959 doctrine
862 1925 904 1957 of
926 1925 1029 1957 ideas
1059 1925 1192 1957 known
1221 1925 1256 1957 in
1284 1935 1308 1957 a
1335 1925 1503 1967 previous

310 1975 494 2006 existence
524 1972 597 2005 and
628 1971 824 2013 gradually
851 1969 1071 2010 developing
1101 1969 1178 2000 into
1210 1967 1379 2001 renewed
1417 1979 1502 2001 con-

309 2019 529 2050 sciousness.
581 2015 765 2056 Learning
782 2014 811 2046 is
828 2013 892 2046 but
915 2023 939 2046 a
963 2011 1231 2055 remembering
1254 2012 1294 2045 of
1315 2013 1415 2045 what
1438 2013 1499 2046 the

308 2063 386 2094 soui
404 2062 473 2093 has
489 2061 622 2091 known
640 2058 773 2091 before.

418 2110 498 2151 346
