1546 2294
569 131 770 171 CICERO
801 133 877 171 DE
907 135 1144 174 OFFICIIS

277 213 410 252 cenda
445 217 570 251 etiam
606 219 669 252 est
702 214 873 253 facilitas
908 220 952 254 et
984 216 1159 254 altitudo
1192 218 1329 264 animi,
1363 230 1468 264 quae

278 281 440 328 dicitur,
460 295 527 328 ne,
548 284 581 320 si
601 285 818 320 irascamur
837 288 908 321 aut
927 285 1215 331 intempestive
1238 283 1469 323 accedenti-

278 349 352 386 bus
398 354 469 387 aut
508 350 770 397 impudenter
816 352 1065 398 rogantibus,
1103 354 1146 389 in
1194 355 1471 390 morositatem

278 417 468 455 inutilem
489 422 533 455 et
553 417 732 456 odiosam
752 419 987 457 incidamus.
1048 419 1103 457 Et
1129 425 1268 458 tamen
1295 422 1353 457 ita
1377 432 1469 467 pro-

278 485 410 523 banda
427 490 489 523 est
503 486 774 524 mansuetudo
788 491 911 533 atque
928 487 1158 534 clementia,
1171 493 1218 525 ut
1229 487 1472 525 adhibeatur

278 556 335 590 rei
369 553 555 600 publicae
587 567 705 592 causa
737 558 942 602 severitas,
971 558 1058 593 sine
1091 569 1170 602 qua
1199 555 1469 594 administrari

277 624 416 659 civitas
446 635 528 658 non
557 627 705 669 potest.
767 623 911 661 Omnis
941 628 1080 661 autem
1107 628 1151 661 et
1176 623 1469 662 animadversio

277 694 320 726 et
341 692 551 735 castigatio
572 690 818 728 contumelia
838 704 978 728 vacare
999 690 1125 728 debet
1144 704 1278 737 neque
1298 691 1349 729 ad
1370 694 1469 739 eius,

278 760 347 804 qui
366 750 554 804 punitur1
578 758 755 805 aliquem
775 764 846 796 aut
867 759 998 797 verbis
1025 751 1230 806 castigat?
1248 759 1322 797 sed
1340 759 1392 798 ad
1412 762 1471 798 rei

278 826 462 872 publicae
484 826 706 864 utilitatem
726 827 878 864 referri.

197 897 250 936 89
338 894 573 932 Cavendum
594 899 657 932 est
678 897 814 941 etiam,
835 908 888 933 ne
909 898 1034 933 maior
1054 909 1186 943 poena
1205 909 1326 943 quam
1353 896 1470 944 culpa

278 965 342 1009 sit,
376 967 419 1000 et
449 976 502 1000 ne
535 962 664 1000 isdem
696 962 761 1019 de,
780 965 908 1000 causis
939 963 1007 1001 alii
1039 964 1285 1010 plectantur,
1317 964 1385 1002 alii
1416 977 1470 1004 ne

278 1030 537 1078 appellentur
575 1031 752 1078 quidem.
823 1031 1079 1070 Prohibenda
1117 1037 1256 1070 autem
1294 1035 1469 1071 maxime

278 1104 341 1137 est
360 1102 418 1136 ira
432 1102 474 1136 in
495 1099 702 1146 puniendo
713 1112 722 1144 ;
743 1113 964 1146 numquam
984 1102 1107 1147 enim,
1123 1103 1248 1138 iratus
1267 1103 1336 1147 qui
1355 1114 1468 1139 acce·

278 1167 351 1205 det
381 1167 433 1204 ad
464 1180 650 1213 poenam,
671 1167 998 1204 mediocritatem
1031 1167 1142 1205 illam
1172 1168 1345 1214 tenebit,
1367 1181 1470 1215 quae

278 1244 342 1277 est
361 1242 469 1277 inter
485 1241 655 1276 nimium
671 1243 715 1276 et
730 1252 886 1286 parum,
900 1252 1003 1285 quae
1019 1239 1156 1286 placet
1177 1239 1472 1288 Peripateticis,

279 1317 323 1349 et
351 1316 463 1349 recte
493 1311 641 1358 placet,
671 1311 793 1348 modo
822 1324 875 1349 ne
904 1311 1122 1349 laudarent
1150 1312 1400 1350 iracundiam
1430 1317 1475 1350 et

279 1384 465 1422 dicerent
483 1383 641 1421 utiliter
659 1397 684 1420 a
703 1388 848 1421 natura
869 1383 1016 1421 datam.
1077 1383 1152 1421 Illa
1173 1397 1268 1422 vero
1287 1385 1474 1423 omnibus

278 1460 321 1494 in
353 1457 473 1494 rebus
505 1456 759 1503 repudianda
793 1461 858 1494 est
891 1456 1212 1504 optandumque,
1247 1462 1294 1495 ut
1327 1460 1369 1505 ii,
1403 1460 1472 1504 qui

281 1534 476 1577 praesunt
503 1531 562 1566 rei
589 1528 789 1576 publicae,
817 1528 956 1575 legum
988 1528 1138 1567 similes
1165 1532 1260 1575 sint,
1287 1543 1391 1576 quae
1417 1529 1470 1568 ad

276 1602 529 1649 puniendum
549 1614 631 1639 non
651 1600 870 1647 iracundia,
891 1600 964 1638 sed
983 1604 1189 1647 aequitate
1210 1601 1411 1640 dicuntur.

191 1679 246 1718 90
332 1674 481 1712 XXVI.
520 1674 657 1720 Atque
697 1676 821 1711 etiam
859 1676 903 1711 in
940 1674 1060 1711 rebus
1098 1677 1299 1721 prosperis
1337 1679 1381 1712 et
1417 1674 1470 1713 ad

274 1747 527 1785 voluntatem
562 1751 740 1783 nostram
778 1745 997 1784 fluentibus
1035 1747 1264 1793 superbiam
1302 1760 1469 1794 magno-

365 1835 546 1878 ¹punitur
561 1835 710 1872 Nonius,
734 1835 844 1872 Edd.;
863 1835 978 1877 punit
992 1846 1015 1867 a
1029 1835 1183 1885 3p1cn3'et
1196 1835 1229 1867 A
1244 1835 1271 1867 Β
1286 1835 1319 1868 H
1339 1835 1362 1868 b
1377 1846 1409 1869 c.

363 1879 377 1899 ²
390 1881 546 1921 castigat
562 1879 683 1917 MSS.;
697 1880 846 1921 fatigat
861 1879 1015 1915 Nonius,
1036 1879 1159 1911 Orelli.

321 1974 337 1991 ὃ
350 1969 428 2000 The
440 1968 579 2010 quality
593 1969 790 1999 elsewhere
801 1967 1002 2009 expressed
1015 1967 1063 2009 by
1077 1966 1208 1999 Cicero
1221 1967 1306 2000 with
1321 1969 1466 2008 βαθύτης

271 2015 328 2038 -‘
342 2013 477 2054 depth,'
498 2015 506 2030 ¹
521 2012 690 2050 reserve‚’
708 2013 768 2043 the
785 2017 842 2043 art
859 2010 900 2042 of
921 2011 1136 2053 concealing
1152 2011 1226 2043 and
1242 2013 1463 2054 controlling

272 2057 372 2090 one's
388 2057 542 2098 feelings
559 2056 674 2088 under
689 2066 736 2088 an
753 2054 919 2087 outward
937 2055 1095 2097 serenity
1112 2054 1154 2087 of
1165 2066 1326 2088 manner.

380 2112 433 2151 90
