1546 2294
233 620 286 659 70

235 1780 280 1818 71

607 105 808 144 CICERO
838 105 915 143 DE
945 105 1017 144 OF
1019 105 1051 143 F
1053 105 1182 145 ICIIS

311 185 421 224 idem
441 189 634 224 continuo
660 189 861 233 gentium,
882 185 991 233 quod
1011 191 1150 225 autem
1174 189 1376 235 gentium,
1395 187 1506 226 idem

312 273 430 312 civile
457 287 546 312 esse
572 274 708 312 debet.
769 273 853 313 Sed
882 287 955 313 nos
975 277 1060 313 veri
1088 277 1184 313 iuris
1209 288 1510 323 germanaeque

314 365 494 402 iustitiae
514 362 684 401 solidam
704 368 748 401 et
774 376 1004 411 expressam
1025 364 1199 411 effigiem
1218 363 1374 402 nullam
1393 369 1511 403 tene-

313 461 416 495 mus,
437 449 580 486 umbra
599 453 643 486 et
662 449 905 495 imaginibus
925 452 1086 487 utimur.
1130 449 1209 488 Eas
1228 451 1334 497 ipsas
1355 453 1512 488 utinam

316 532 596 580 sequeremur!
636 531 824 571 feruntur
853 535 963 570 enim
993 546 1043 571 ex
1073 536 1236 581 optimis
1266 538 1435 571 naturae
1467 538 1512 572 et

316 619 499 655 veritatis
520 617 727 664 exemplis.
789 617 894 655 Nam
921 621 1063 665 quanti
1083 619 1206 656 verba
1234 618 1323 656 illa:
1358 630 1425 656 οτι
1457 630 1511 656 m:

316 714 496 739 mom-En
543 713 594 739 ΤΕ
643 714 817 739 mnnmvs
865 714 976 740 TUAM
1030 715 1174 741 CAPTUS
1230 714 1512 741 FRAUDATUSVE

317 785 402 823 sm!
443 799 564 832 quam
592 785 662 822 illa
689 798 831 823 aurea:
874 798 929 823 υτ
958 798 1080 823 INTER
1109 798 1232 824 Bonos
1262 799 1363 824 BENE
1395 798 1515 824 Aoum

318 883 498 907 OPORTET
551 882 601 908 m·
648 882 736 907 suu:
793 871 1093 909 FRAUDATmNE!
1171 870 1267 919 Sed,
1315 874 1386 919 qui
1433 873 1516 910 sint

317 945 486 1002 “boni,”
509 960 553 994 et
576 955 674 1002 quid
701 957 755 994 sit
775 945 916 994 “bene
935 956 1042 1003 agi,”
1063 969 1212 1003 magna
1232 958 1414 1004 quaestio
1435 960 1510 994 est.

372 1039 421 1087 Q.
445 1039 610 1087 quidem
642 1039 846 1086 Scaevola,
867 1039 1053 1087 pontifex
1081 1043 1292 1087 maximus,
1312 1053 1510 1079 summam

316 1127 397 1162 vim
424 1137 512 1162 esse
538 1123 702 1162 dicebat
728 1126 771 1161 in
797 1124 983 1162 omnibus
1009 1126 1057 1162 iis
1087 1124 1275 1171 arbitriis,
1295 1127 1338 1162 in
1364 1124 1510 1172 quibus

317 1209 537 1247 adderetur
553 1220 602 1245 nx
622 1220 713 1244 mm:
734 1220 851 1254 BONA,
868 1207 1042 1254 fideique
1063 1207 1193 1245 bonae
1208 1220 1359 1246 nomen
1373 1209 1512 1245 existi-

317 1290 456 1328 mabat
492 1301 656 1326 manare
695 1288 904 1335 latissime,
943 1288 1066 1335 idque
1105 1291 1254 1326 versari
1291 1290 1334 1326 in
1371 1286 1514 1326 tutelis

318 1370 592 1417 societatibus,
632 1369 787 1407 fiduciis
825 1369 1042 1416 mandatis,
1075 1369 1196 1408 rebus
1235 1372 1383 1417 emptis
1416 1381 1515 1407 ven-

317 1453 427 1498 ditis,
447 1451 658 1489 conductis
676 1450 831 1497 locatis,
851 1451 996 1497 quibus
1017 1453 1123 1489 vitae
1138 1453 1309 1490 societas
1328 1453 1512 1496 contine-

317 1538 450 1578 retur3
483 1534 527 1569 in
553 1534 600 1569 iis
620 1533 758 1578 magni
784 1543 872 1568 esse
898 1530 1041 1569 iudicis
1060 1535 1254 1578 statuere,
1273 1533 1510 1579 praesertim

317 1627 410 1652 cum
429 1616 472 1651 in
491 1612 694 1660 plerisque
711 1616 848 1649 essent
867 1611 1016 1649 iudicia
1030 1614 1242 1656 contraria,
1257 1611 1356 1659 quid
1370 1624 1511 1659 quem-

316 1707 395 1742 que
417 1696 562 1740 cuique
583 1697 788 1739 praestare
808 1697 1026 1738 oporteret.

375 1774 575 1822 Quocirca
608 1774 782 1810 astutiae
816 1771 1024 1811 tollendae
1057 1778 1154 1811 sunt
1187 1785 1316 1820 eaque
1347 1771 1516 1820 malitia,

318 1868 422 1903 quae
441 1854 526 1892 volt
546 1853 616 1891 illa
635 1852 801 1899 quidem
821 1852 948 1890 videri
968 1866 1011 1891 se
1032 1866 1120 1891 esse
1148 1852 1419 1900 prudentiam,
1441 1851 1515 1892 sed

314 1937 430 1974 abest
449 1934 501 1972 ab
521 1947 570 1972 ea
588 1933 794 1980 distatque
814 1931 1043 1979 plurimum.
1078 1933 1299 1972 Prudentia
1318 1938 1382 1972 est
1401 1936 1512 1972 enim

313 2020 445 2058 locata
478 2021 520 2055 in
552 2017 706 2055 dilectu
741 2017 937 2054 bonorum
970 2020 1014 2054 et
1043 2014 1253 2061 malorum,
1279 2013 1448 2062 malitia,
1474 2015 1509 2053 sl

425 2078 505 2112 340
