1546 2294
221 831 271 871 39

596 95 796 134 CICERO
828 95 904 133 DE
933 95 1170 134 OFFICIIS

304 181 530 229 videbatur,
547 194 640 219 cum
654 183 697 218 in
714 180 847 218 locum
867 180 1033 218 anulum
1054 182 1288 219 inverterat.
1349 180 1494 228 Itaque

303 246 377 284 hac
398 248 704 293 opportunitate
725 245 835 282 anuli
856 257 950 283 usus
966 247 1132 291 reginae
1153 249 1340 292 stuprum
1354 244 1496 284 intulit

303 324 432 358 eaque
451 310 649 348 adiutrice
674 322 815 356 regem
839 309 1049 347 dominum
1073 311 1297 356 interemit,
1317 309 1495 356 sustulit,

302 388 401 423 quos
422 375 583 413 obstare
603 374 889 420 arbitrabatur,
905 386 981 411 nee
1002 376 1045 410 in
1064 373 1128 411 his
1144 387 1238 411 eum
1252 373 1495 413 facinoribus

303 443 514 486 quisquam
534 441 669 486 potuit
688 438 836 476 videre.
898 438 964 477 Sic
984 443 1156 485 repente
1172 437 1283 476 anuli
1298 437 1496 477 beneficio

303 517 373 541 rex
395 509 558 542 exortus
579 508 642 541 est
662 502 827 549 Lydiae.

361 569 485 606 Hunc
524 570 649 614 igitur
687 570 819 614 ipsum
857 566 1024 605 anulum
1062 569 1096 605 si
1134 566 1285 605 habeat
1322 569 1494 614 sapiens,

303 625 447 671 nihilol
470 632 560 679 plus
587 632 662 670 sibi
691 631 815 669 licere
845 636 966 678 putet
994 644 1178 679 peccare,
1201 644 1323 679 quam
1349 634 1383 669 si
1412 644 1494 669 non

304 689 514 742 haberet²;
554 696 726 735 honesta
765 698 874 734 enim
913 696 1029 734 bonis
1067 698 1174 742 viris,
1213 709 1296 734 non
1338 695 1496 734 occulta

300 766 560 810 quaeruntur.

357 827 496 873 Atque
526 825 603 863 hoc
632 825 720 862 loco
750 823 980 872 philosophi
1010 823 1188 871 quidam,
1208 826 1375 863 minime
1399 824 1494 863 mali

279 939 281 941 ι
302 891 360 929 illi
381 890 560 938 quidem,
576 890 649 928 sed
670 903 753 927 non
773 891 869 927 satis
889 891 1012 936 acuti,
1034 888 1170 927 fictam
1191 894 1235 928 et
1254 892 1493 928 commenti-

302 959 405 994 ciam
425 954 602 993 fabulam
622 953 820 1002 prolatam
840 953 984 991 dieunt
1003 966 1026 990 a
1049 953 1239 999 Platone;
1268 956 1380 1000 quasi
1399 967 1495 992 vero

301 1020 370 1058 ille
398 1024 470 1058 aut
496 1019 651 1056 factum
677 1018 720 1056 id
747 1030 835 1056 esse
863 1022 933 1055 aut
961 1017 1045 1055 fieri
1075 1020 1255 1065 potuisse
1275 1017 1493 1057 defendat!

303 1085 421 1123 Haec
441 1089 505 1122 est
524 1086 583 1121 vis
602 1082 721 1121 huius
740 1081 850 1120 anuli
871 1086 915 1119 et
940 1081 1060 1119 huius
1087 1082 1283 1130 exempli:
1313 1085 1346 1120 si
1372 1095 1494 1121 nemo

302 1152 489 1195 sciturus,
528 1160 649 1186 nemo
687 1159 740 1184 ne
780 1148 1053 1193 suspicaturus
1092 1146 1258 1193 quidem
1296 1148 1362 1193 sit,
1401 1159 1493 1185 cum

301 1212 455 1260 aliquid
478 1212 724 1257 divitiarum,
749 1213 974 1258 potentiae,
994 1210 1294 1257 dominationis,
1315 1210 1494 1249 libidinis

302 1290 421 1316 causa
454 1276 613 1323 feceris,
641 1278 672 1313 si
707 1275 749 1313 id
784 1274 846 1312 dis
880 1274 1192 1321 hominibusque
1227 1273 1410 1313 futurum
1443 1277 1496 1313 sit

302 1354 462 1389 semper
499 1343 700 1388 ignotum,
736 1341 843 1377 sisne
882 1337 1072 1376 facturus.
1133 1338 1300 1385 Negant
1333 1338 1375 1376 id
1410 1338 1495 1377 fieri

302 1419 429 1454 posse.
490 1396 775 1452 Nequaquam³
795 1407 932 1449 potest
952 1402 994 1441 id
1018 1402 1205 1450 quidem3
1235 1402 1306 1441 sed
1331 1415 1494 1450 quaero,

301 1478 409 1526 quod
436 1482 592 1524 negant
619 1488 748 1524 posse,
774 1475 816 1513 id
843 1477 876 1513 si
903 1479 1054 1522 posset,
1076 1474 1269 1522 quidnam
1295 1474 1489 1514 facerent.

304 1544 494 1589 Urguent
515 1544 664 1579 rustice
692 1552 810 1585 sane;
839 1544 996 1586 negant
1023 1542 1133 1577 enim
1159 1551 1275 1587 posse
1304 1543 1348 1578 et
1374 1542 1415 1577 in
1444 1552 1492 1578 eo

301 1611 506 1655 perstant3
536 1605 612 1643 hoc
629 1605 796 1642 verbum
813 1603 911 1650 quid
927 1603 1073 1650 valeat,
1089 1616 1171 1640 non
1187 1602 1339 1641 vident.
1390 1603 1489 1642 Cum

301 1673 409 1710 enim
430 1672 674 1717 quaerimus,
694 1671 727 1706 si
748 1667 880 1706 celare
907 1670 1076 1714 possint,
1097 1666 1196 1714 quid
1223 1666 1369 1705 facturi
1395 1669 1490 1714 sint,

300 1749 381 1773 non
406 1736 649 1781 quaerimus,
670 1734 880 1780 possintne
908 1731 1054 1778 celare,
1076 1731 1149 1769 sed
1175 1736 1382 1778 tamquam
1409 1736 1491 1769 tor-

299 1803 439 1838 menta
468 1797 667 1845 quaedam
697 1795 950 1841 adhibemus,
981 1800 1040 1841 ut,
1070 1798 1102 1833 si
1133 1795 1418 1846 responderint
1448 1807 1492 1834 se

341 1895 528 1939 ιηι’(ι·)Ιιι’ἶο
543 1906 573 1935 c,
595 1895 706 1932 Edd.;
720 1894 818 1926 nihil
833 1893 860 1925 B
881 1893 914 1925 H
933 1904 956 1926 a
973 1893 1007 1926 b.

342 1941 507 1983 ²peccare
523 1964 531 1972 .
551 1963 560 1972 .
581 1964 589 1973 .
610 1939 751 1971 haberet
767 1937 889 1975 MSS.;
908 1937 1107 1969 bracketed
1126 1936 1173 1979 by
1188 1936 1326 1976 Madv„
1347 1937 1402 1970 Bt.

345 1986 595 2026 ⁸nequaquam
612 1983 807 2019 Manutius,
826 1981 895 2019 Bt.,
913 1982 993 2021 Ed..
1015 1981 1381 2023 Heine3quamquam
1396 1979 1484 2022 (and

300 2034 358 2071 yet
375 2029 401 2061 it
418 2030 448 2060 is
465 2026 636 2070 possible)
654 2026 773 2062 MSS..
794 2025 931 2056 Mulier.

407 2078 487 2117 306
