1546 2294
253 773 304 816 67

630 123 831 162 CICERO
860 123 938 162 DE
967 123 1204 163 OFFICIIS

333 207 475 252 iussus,
509 205 707 244 arbitrum
746 205 861 244 illum
901 205 1055 253 adegit,
1091 218 1278 250 oulcoum
1319 214 1392 242 sim
1427 214 1532 241 mna

338 298 486 323 menni:
516 298 750 324 OPORTERET
779 299 829 325 ax
859 299 950 325 mm:
980 299 1094 325 BONA.
1155 287 1212 326 M.
1236 287 1336 326 Cato
1368 288 1533 323 senten-

337 370 435 405 tiam
474 366 592 415 dixit,
632 367 751 407 huius
790 371 918 406 nostri
959 368 1123 407 Catonis
1162 373 1279 416 pater
1316 359 1382 414 (ut
1425 367 1534 404 enim

337 450 465 487 ceteri
485 461 535 486 ex
556 449 751 496 patribus,
768 452 824 487 sic
846 449 926 497 hic,
942 453 1011 496 qui
1027 449 1129 488 illud
1144 439 1285 488 lumen
1300 452 1532 497 progenuit,

336 543 386 568 ex
406 529 488 568 filio
508 534 572 569 est
591 522 971 577 nominandus)—is
992 533 1117 577 igitur
1138 530 1260 569 iudex
1280 533 1338 569 ita
1353 544 1529 578 pronun-

334 613 472 649 tiavit:
503 600 530 619 “
542 624 636 649 cum
659 613 702 648 in
723 611 939 650 vendendo
968 625 1055 650 rem
1085 625 1175 651 eam
1204 614 1346 650 scisset
1374 616 1418 650 et
1446 625 1528 650 non

334 695 651 740 pronuntiasset,
673 696 847 740 emptori
868 693 1062 731 damnum
1082 696 1277 741 praestari
1297 693 1526 741 oportere.”

392 774 501 821 Ergo
536 773 588 812 ad
622 773 745 812 fidem
779 774 927 812 bonam
962 777 1108 813 statuit
1145 777 1352 822 pertinere
1386 779 1530 813 notum

335 869 423 894 esse
444 858 619 903 emptori
640 858 797 903 vitium,
817 855 926 903 quod
945 861 1085 894 nosset
1104 855 1302 894 venditor.
1357 855 1478 903 Quod
1497 859 1530 894 si

334 942 446 976 recte
485 937 692 985 iudicavit,
727 950 811 975 non
849 942 961 976 recte
1000 937 1287 990 frumentarius
1325 937 1409 985 ille,
1447 950 1530 976 non

333 1027 446 1060 recte
484 1021 647 1060 aedium
685 1021 967 1069 pestilentium
1004 1021 1193 1061 venditor
1230 1024 1369 1061 tacuit.
1443 1021 1526 1061 Sed

332 1103 451 1142 huius
471 1102 582 1141 modi
602 1105 841 1142 reticentiae
868 1106 955 1142 iure
975 1103 1083 1142 civili
1109 1093 1424 1151 comprehendi1
1442 1116 1522 1142 non

332 1190 521 1232 possunt;
552 1198 655 1232 quae
685 1190 825 1224 autem
853 1190 1037 1232 possunt,
1067 1184 1288 1232 diligenter
1315 1189 1518 1226 tenentur.

334 1265 389 1303 M.
414 1265 566 1304 Marius
587 1265 861 1312 Gratidianus,
881 1268 1130 1312 propinquus
1149 1270 1301 1311 noster,
1321 1265 1362 1303 C.
1386 1265 1530 1313 Sergio

334 1347 485 1385 Oratae
517 1346 759 1385 vendiderat
789 1346 911 1386 aedes
943 1360 1023 1394 eas,
1053 1360 1152 1394 quas
1182 1347 1234 1385 ab
1265 1346 1411 1385 eodem
1441 1349 1527 1395 ipse

332 1430 469 1475 paucis
487 1432 586 1467 ante
605 1430 721 1466 annis
742 1433 908 1467 emerat.
969 1427 1053 1466 Eae
1074 1418 1337 1475 serviebant?
1357 1427 1430 1467 sed
1449 1427 1526 1466 hoc

331 1513 373 1547 in
403 1512 605 1558 mancipio
637 1509 789 1548 Marius
820 1523 903 1547 non
934 1509 1103 1548 dixerat.
1164 1504 1356 1547 Adducta
1386 1521 1450 1548 res
1481 1511 1523 1547 in

329 1590 523 1629 iudicium
562 1595 634 1629 est.
707 1589 876 1629 Oratam
916 1590 1091 1637 Crassus,
1130 1588 1413 1628 Gratidianum
1451 1588 1522 1628 de-

330 1671 527 1710 fendebat
557 1671 771 1709 Antonius.
834 1670 901 1710 Ius
941 1671 1103 1709 Crassus
1134 1670 1348 1718 urguebat,
1379 1660 1521 1718 “quod

329 1755 415 1791 vitii
434 1752 622 1791 venditor
649 1765 731 1790 non
761 1751 930 1790 dixisset
956 1754 1100 1799 sciens,
1120 1750 1164 1790 id
1192 1755 1380 1799 oportere
1409 1764 1524 1799 prae-

328 1833 464 1881 stari,’'
497 1836 748 1880 aequitatem
789 1833 1006 1880 Antonius,
1040 1823 1265 1880 “quoniam
1298 1831 1341 1870 id
1379 1834 1522 1870 vitium

369 1968 634 2011 'comprehendi
650 1968 771 2002 MSS.:
789 1979 907 1999 omnes
923 1967 1170 2009 comprehendi
1186 1967 1257 2006 Bt.,
1275 1966 1402 2000 Heine.

367 2012 591 2045 'serviebant
605 2012 733 2051 Heus„
748 2011 858 2050 Edd.;
873 2012 986 2054 sergio
995 2011 1199 2043 serviebant
1212 2011 1239 2043 B
1256 2010 1289 2042 H
1305 2022 1326 2042 a
1345 2010 1368 2042 b
1381 2022 1390 2049 ς
1406 2011 1519 2054 sergio

323 2058 394 2089 alii
406 2057 612 2089 serviebant
625 2066 653 2089 e.

434 2107 512 2146 336
