1546 2294
613 124 814 164 CICERO
845 132 922 163 DE
951 127 1189 167 orFlcus

315 208 432 253 coepi
447 219 636 244 revocare
651 209 862 245 rationem.
898 207 1069 246 Possunt
1088 211 1199 247 enim
1218 211 1406 258 cuiquam
1425 223 1514 250 esse

319 276 442 315 utiles
453 290 639 325 angores,
648 277 956 326 sollicitudines,
964 279 1099 317 diurni
1112 284 1155 318 et
1167 284 1356 319 nocturni
1367 286 1518 330 metus,

319 350 402 386 vita
421 348 658 386 insidiarum
679 349 1031 397 periculorumque
1050 350 1309 398 plenissima?

147 423 304 486 ἷὲζῦξέιὲἳ
363 419 488 458 Multi
500 423 628 468 iniqui
643 426 767 468 atque
783 421 968 460 infideles
983 423 1124 469 regno,
1136 426 1254 470 pauci
1266 415 1475 472 be'nivoli,1

146 492 201 519 ⁶51
299 483 457 538 'inquit
485 491 643 530 Accius.
699 492 758 530 At
786 496 850 530 cui
878 494 1030 540 regno?
1088 493 1210 540 Quod
1231 508 1256 532 a
1277 494 1450 534 Tantalo
1473 501 1518 534 et

321 561 471 610 Pelope
491 563 698 610 proditum
718 566 803 602 iure
824 565 1095 611 optinebatur.
1128 565 1235 603 Nam
1253 571 1406 613 quanto
1425 566 1514 615 plu-

318 636 372 672 ris
392 637 429 672 ei
445 637 532 681 regi
547 640 678 682 putas,
695 638 763 682 qui
785 639 965 674 exercitu
980 636 1119 683 populi
1136 637 1305 675 Romani
1318 637 1513 686 populum

318 707 451 752 ipsum
469 706 693 744 Romanum
709 710 973 754 oppressisset
989 710 1276 756 civitatemque
1291 722 1374 747 non
1393 709 1515 748 modo

318 776 502 824 liberam,
522 777 594 815 sed
610 781 734 816 etiam
760 779 953 825 gentibus
979 781 1251 826 imperantem
1270 782 1420 818 servire
1439 781 1515 819 sibi

236 851 287 885 85
319 849 545 895 coegisset?
595 849 720 887 Hunc
733 854 779 887 tu
795 863 893 896 quas
909 852 1181 888 conscientiae
1196 850 1308 889 labes
1322 853 1364 888 in
1379 854 1515 890 animo

317 933 459 958 censes
489 920 692 967 habuisse,
722 934 825 967 quae
855 921 1047 959 vulnera?
1106 921 1226 960 Cuius
1259 927 1398 961 autem
1432 925 1514 962 vita

315 990 391 1035 ipsi
418 993 555 1035 potest
574 988 685 1026 utilis
707 1002 808 1034 esse,
829 1002 921 1026 cum
942 992 1027 1027 eius
1047 992 1154 1027 vitae
1175 1002 1223 1027 ea
1242 989 1425 1028 condicio
1444 993 1511 1046 sit,

315 1060 376 1102 ut,
391 1058 460 1102 qui
480 1055 590 1093 illam
607 1058 814 1103 eripuerit,
830 1059 871 1093 in
887 1059 1061 1094 maxima
1076 1061 1119 1094 et
1132 1059 1264 1104 gratia
1277 1056 1437 1096 futurus
1455 1061 1509 1097 sit

314 1127 358 1159 et
372 1122 525 1169 gloria?
555 1122 710 1170 Quodsi
730 1123 830 1161 haec
850 1122 966 1161 utilia
984 1136 1067 1161 non
1086 1129 1196 1171 sunt,
1210 1137 1314 1171 quae
1331 1127 1507 1164 maxime

312 1190 516 1237 videntur,
537 1194 630 1238 quia
650 1191 772 1238 plena
795 1196 891 1229 sunt
916 1191 1126 1230 dedecoris
1154 1205 1201 1230 ac
1229 1192 1507 1240 turpitudinis,

312 1261 408 1296 satis
428 1271 664 1305 persuasum
684 1272 772 1297 esse
793 1258 920 1297 debet
938 1259 1041 1297 nihil
1062 1273 1150 1298 esse
1170 1259 1284 1307 utile,
1300 1260 1409 1308 quod
1423 1273 1507 1299 non

310 1325 529 1364 honestum
550 1329 612 1364 sit.

228 1392 281 1432 86
367 1393 501 1431 ΧΧΙΙ.
535 1393 792 1441 Quamquam
808 1394 850 1432 id
866 1393 1031 1441 quidem
1048 1407 1140 1432 cum
1155 1407 1276 1442 saepe
1291 1395 1401 1443 alias,
1416 1400 1505 1435 tum

311 1461 453 1508 Pyrrhi
473 1462 582 1500 bello
601 1476 624 1499 a
646 1462 686 1499 C.
708 1462 889 1499 Fabricio
906 1462 1070 1500 consule
1085 1465 1234 1500 iterum
1254 1467 1298 1501 et
1316 1477 1340 1501 a
1359 1469 1502 1502 senatu

306 1534 444 1566 nostro
464 1529 685 1566 iudicatum
707 1534 779 1566 est.
813 1529 914 1566 Cum
935 1531 1044 1566 enim
1064 1542 1134 1567 rex
1157 1529 1331 1576 Pyrrhus
1350 1529 1500 1578 populo

308 1596 487 1633 Romano
512 1596 665 1633 bellum
693 1596 799 1633 ultro
826 1596 1044 1643 intulisset,
1064 1609 1236 1643 cumque
1257 1596 1309 1635 de
1328 1600 1499 1644 imperio

304 1668 513 1700 certamen
541 1668 649 1700 esset
670 1676 761 1700 cum
782 1676 879 1710 rege
900 1675 1098 1709 generoso
1123 1676 1170 1701 ac
1196 1657 1388 1711 potenti,2
1406 1677 1498 1712 per-

303 1730 401 1776 fuga
421 1731 472 1767 ab
490 1743 538 1767 eo
554 1733 668 1767 venit
688 1733 729 1767 in
751 1734 880 1767 castra
898 1729 1053 1767 Fabrici
1069 1733 1188 1777 eique
1204 1735 1268 1769 est
1281 1730 1499 1778 pollicitus,

301 1800 332 1835 si
350 1799 574 1844 praemium
592 1797 666 1834 sibi
684 1799 971 1844 proposuisset,
986 1810 1042 1843 se,
1057 1802 1103 1834 ut
1117 1797 1221 1834 clam
1236 1800 1427 1845 venisset,
1441 1801 1498 1836 sic

299 1866 402 1902 clam
423 1868 466 1902 in
489 1864 631 1912 Pyrrhi
653 1870 782 1902 castra
803 1864 1028 1903 rediturum
1056 1869 1100 1903 et
1126 1877 1220 1903 eum
1246 1878 1405 1904 veneno
1424 1879 1495 1904 ne-

340 2004 564 2046 ¹beni(e)voli
578 2003 794 2045 Stfirenbg.;
807 2004 964 2036 benivoli
975 2007 1062 2035 sunl
1077 2015 1114 2043 c;
1132 2004 1311 2038 bonisunt
1326 2005 1354 2037 B
1369 2005 1403 2038 H
1415 2016 1438 2038 a
1452 2005 1487 2041 b.

338 2049 498 2090 ⁸potenti
512 2048 662 2087 Nonius,
683 2049 946 2090 Edd.;potente
963 2048 1066 2081 MSS.

402 2105 480 2139 358
