1546 2294
201 426 252 460 28

197 1106 249 1146 29

574 69 775 108 CICERO
806 69 882 107 DE
911 68 1149 108 OFFICIIS

278 150 498 188 vendere.''
559 150 732 189 Secutus
752 155 828 197 est,
849 153 919 197 qui
942 153 985 187 in
1012 163 1131 188 causa
1150 153 1288 198 impia,
1306 153 1475 189 victoria

282 221 407 256 etiam
426 217 607 256 foediore
628 231 711 255 non
730 218 981 265 singulorum
1001 220 1149 256 civium
1172 218 1279 256 bona
1297 218 1478 266 publica-

282 291 360 332 ret,
381 285 454 324 sed
472 288 678 324 universas
698 288 922 332 provincias
937 288 1205 333 regionesque
1221 299 1303 324 uno
1318 285 1480 324 calami-

282 357 379 392 tatis
399 357 486 391 iure
507 353 885 401 comprehenderet.

342 422 488 468 Itaque
515 424 670 459 vexatis
697 435 743 459 ac
775 421 945 468 perditis
980 425 1131 460 exteris
1166 423 1398 460 nationibus
1427 421 1481 461 ad

283 490 518 537 exemplum
537 492 672 527 amissi
693 492 855 536 imperii
875 492 1027 537 portari
1047 493 1089 527 in
1109 489 1316 538 triumpho
1335 490 1479 528 Massi-

281 558 378 595 liam
397 557 570 595 vidimus
586 562 630 595 et
646 570 696 595 ex
717 570 765 595 ea
779 557 880 595 urbe
895 557 1149 605 triumphari,
1165 560 1252 596 sine
1267 571 1346 605 qua
1360 571 1477 596 num-

283 639 405 672 quam
453 628 582 663 nostri
626 627 892 672 imperatores
941 639 991 663 ex
1040 625 1314 673 Transalpinis
1361 625 1479 664 bellis

282 693 595 740 triumpharunt.
652 692 786 731 Multa
805 698 1017 740 praeterea
1036 706 1392 732 commemorarem
1406 706 1479 732 ne-

285 761 383 799 faria
422 765 464 799 in
499 764 640 807 socios,
675 764 708 799 si
746 761 823 799 hoc
854 774 936 799 uno
971 764 1186 808 quicquam
1220 761 1281 800 sol
1313 761 1482 800 vidisset

283 830 501 876 indignius.
554 828 647 866 Iure
669 831 794 876 igitur
814 828 1040 876 plectimur.
1095 829 1182 867 Nisi
1203 831 1313 867 enim
1331 829 1480 868 multo-

281 911 371 936 rum
391 900 593 944 impunita
609 897 762 945 scelera
780 897 1028 943 tulissemus,
1043 910 1264 944 numquam
1279 897 1332 936 ad
1351 911 1476 936 unum

281 970 397 1004 tanta
423 968 677 1012 pervenisset
703 965 869 1002 licentia
884 978 894 1010 ;
923 978 947 1002 a
966 978 1046 1012 quo
1066 965 1231 1012 quidem
1251 968 1309 1004 rei
1329 965 1474 1004 famili-

284 1037 361 1072 aris
401 1033 453 1071 ad
499 1046 661 1080 paucos,
696 1033 967 1080 cupiditatum
1001 1033 1053 1070 ad
1086 1033 1236 1071 multos
1269 1034 1471 1081 improbos

280 1105 393 1140 venit
407 1101 623 1139 hereditas.
666 1102 754 1139 Nee
769 1114 863 1139 vero
876 1114 1067 1148 umquam
1082 1101 1280 1140 bellorum
1295 1102 1470 1141 civilium

279 1183 420 1208 semen
442 1174 485 1207 et
505 1182 623 1206 causa
643 1169 789 1216 deerit,
811 1169 909 1206 dum
935 1169 1120 1207 homines
1146 1169 1297 1216 perditi
1315 1169 1474 1208 hastam

279 1237 390 1274 illam
411 1241 622 1274 cruentam
647 1241 691 1274 et
716 1239 980 1274 meminerint
1008 1241 1052 1274 et
1078 1237 1301 1284 sperabunt
1315 1250 1326 1283 ;
1354 1251 1474 1285 quam

282 1296 341 1342 P.1
376 1304 487 1343 Sulla
526 1317 617 1341 cum
658 1304 854 1341 vibrasset
889 1303 1089 1342 dictatore
1128 1307 1356 1352 propinquo
1390 1319 1475 1352 suo,

279 1372 387 1410 idem
409 1377 524 1409 sexto
545 1374 749 1409 tricesimo
772 1384 879 1408 anno
906 1376 998 1418 post
1023 1385 1047 1408 a
1074 1371 1332 1411 sceleratiore
1358 1372 1474 1412 hasta

276 1454 358 1478 non
379 1442 547 1478 recessit
558 1452 567 1484 ;
588 1439 694 1477 alter
712 1444 864 1485 autem,
880 1442 948 1485 qui
970 1442 1012 1476 in
1032 1439 1102 1476 illa
1120 1439 1322 1478 dictatura
1341 1441 1470 1479 scriba

276 1509 423 1554 fuerat,
445 1510 487 1544 in
508 1507 584 1544 hac
604 1507 684 1544 fuit
703 1511 893 1553 quaestor
912 1507 1099 1545 urbanus.
1161 1507 1222 1545 Ex
1242 1521 1322 1555 quo
1341 1508 1469 1548 debet

274 1575 460 1622 intellegi
492 1575 639 1612 talibus
674 1577 860 1621 praemiis
894 1577 1107 1621 propositis
1140 1588 1361 1622 numquam
1394 1576 1467 1616 de-

273 1643 409 1681 futura
428 1642 535 1680 bella
555 1642 695 1679 civilia.

331 1707 476 1754 Itaque
499 1709 673 1753 parietes
694 1705 814 1743 modo
834 1706 943 1744 urbis
964 1711 1075 1744 stant
1095 1711 1139 1744 et
1158 1712 1340 1754 manent,
1360 1711 1469 1755 iique

274 1774 350 1819 ipsi
372 1773 451 1808 iam
473 1776 655 1808 extrema
676 1769 828 1807 scelera
847 1775 1094 1817 metuentes,
1114 1783 1202 1808 rem
1222 1783 1318 1808 vero
1338 1772 1469 1819 publi-

274 1849 361 1873 cam
378 1837 540 1882 penitus
556 1836 771 1871 amisimus.
808 1834 946 1880 Atque
963 1837 1004 1871 in
1020 1833 1091 1872 has
1106 1833 1241 1872 clades
1256 1822 1468 1874 incidifnus

274 1892 551 1944 (redeundum
584 1903 646 1935 est
678 1901 787 1935 enim
817 1897 867 1935 ad
897 1890 1178 1945 propositum),
1207 1898 1305 1936 dum
1336 1902 1464 1938 metui

437 2032 462 2069 6
632 1986 1132 2025 ¹P.c‚Edd.;L.Bl—1ab.

385 2042 433 2081 ¹9
