1546 2294
174 555 226 590 34

555 77 756 118 CICERO
786 78 863 118 DE
893 80 1130 122 OFFICIIS

260 171 338 206 ego
368 172 393 197 a
423 164 466 198 te
500 160 674 207 postulo,
706 164 763 199 mi
787 161 940 210 Cicero,
972 168 1020 201 ut
1048 164 1148 202 mihi
1180 166 1392 214 concedas,
1418 170 1452 207 si

259 220 389 262 potes,
416 215 518 253 nihil
546 221 707 263 praeter
733 217 788 264 id,
813 218 922 265 quod
949 219 1166 259 honestum
1193 225 1259 269 sit,
1286 228 1454 271 propter

258 284 302 309 se
322 284 410 309 esse
431 273 719 319 expetendum.
780 273 852 312 Sin
872 274 948 321 hoc
975 289 1057 314 non
1083 277 1182 316 licet
1201 291 1274 326 per
1294 279 1450 328 Cratip-

258 341 368 375 pum,
388 332 432 366 at
450 328 552 366 illud
571 334 683 367 certe
703 329 830 377 dabis,
846 331 955 378 quod
975 331 1192 371 honestum
1213 337 1278 381 sit,
1299 335 1341 373 id
1361 349 1450 374 esse

257 386 431 422 maxime
465 389 632 432 propter
665 398 708 423 se
743 387 1032 433 expetendum.
1109 389 1213 428 Mihi
1252 395 1450 442 utrumvis

258 442 353 478 satis
381 445 445 478 est
470 445 515 479 et
539 445 629 479 tum
655 440 745 488 hoc,
772 447 862 480 tum
888 443 991 482 illud
1017 445 1262 492 probabilius
1288 447 1451 487 videtur

257 509 333 534 nec
353 501 565 543 praeterea
585 499 800 544 quicquam
820 499 1038 546 probabile.

313 552 374 590 Ac
408 555 583 600 primum
616 556 659 591 in
693 553 770 592 hoc
805 554 1020 594 Panaetius
1052 556 1337 597 defendendus
1371 563 1447 607 est,

256 608 365 655 quod
399 622 482 646 non
520 609 636 647 utilia
674 623 767 648 cum
799 610 980 650 honestis
1014 626 1196 660 pugnare
1230 614 1448 662 aliquando

256 678 373 712 posse
393 665 544 703 dixerit
563 656 716 713 (neque
737 669 846 704 enim
874 670 911 705 ei
938 668 998 706 fas
1023 661 1142 716 erat),
1162 670 1236 708 sed
1262 683 1322 718 ea,
1343 684 1447 719 quae

254 721 491 759 viderentur
518 721 643 759 utilia.
704 722 818 760 Nihil
838 736 932 761 vero
959 724 1074 772 utile,
1094 726 1203 772 quod
1229 739 1312 765 non
1337 727 1445 766 idem

255 776 487 824 honestum,
507 777 609 815 nihil
629 777 863 827 honestum,
883 780 991 826 quod
1010 794 1093 818 non
1113 781 1222 820 idem
1249 782 1351 822 utile
1380 786 1446 832 sit,

253 846 374 881 saepe
405 838 581 872 testatur
611 839 818 881 negatque
846 835 970 874 ullam
996 842 1156 884 pestem
1182 841 1374 877 maiorem
1403 842 1446 878 in

253 892 378 927 vitam
409 889 620 928 hominum
651 893 842 929 invasisse
873 905 994 939 quam
1029 906 1167 932 eorum
1197 897 1445 943 opinionem,

252 948 323 993 qui
360 948 438 984 ista
475 945 748 985 distraxerint.
809 947 966 995 Itaque,
1006 962 1088 987 non
1136 955 1184 990 ut
1228 950 1444 999 aliquando

253 1006 594 1049 anteponeremus
614 1002 729 1040 utilia
749 1002 944 1050 honestis,
964 1004 1037 1043 sed
1057 1010 1104 1043 ut
1124 1019 1172 1044 ea
1195 1009 1282 1045 sine
1307 1020 1443 1046 errore

253 1053 578 1105 diiudicarenius,
599 1061 632 1096 si
663 1059 825 1106 quando
856 1054 1124 1119 incidissent,l
1151 1062 1312 1101 induxit
1338 1076 1441 1111 eam,

253 1127 356 1161 quae
377 1114 584 1153 videretur
604 1127 704 1161 esse,
726 1129 808 1153 non
835 1129 938 1162 quae
966 1122 1087 1164 esset,
1115 1122 1438 1165 repugnantiam.

253 1171 373 1208 Hanc
411 1173 536 1218 igitur
583 1176 741 1217 partem
789 1171 973 1210 relictam
1021 1173 1273 1220 explebimus
1321 1175 1442 1214 nullis

254 1226 520 1273 adminiculis,
545 1227 632 1274 sed,
663 1232 710 1265 ut
733 1227 893 1275 dicitur,
926 1228 1059 1267 Marte
1089 1234 1237 1268 nostro.
1298 1231 1443 1279 Neque

252 1285 362 1321 enim
396 1285 610 1329 quiequam
646 1288 708 1321 est
741 1283 793 1321 de
828 1283 903 1325 hac
934 1290 1050 1331 parte
1082 1290 1174 1332 post
1206 1286 1443 1327 Panaetium

252 1338 513 1386 explicatum,
545 1338 653 1385 quod
684 1339 850 1386 quidem
882 1339 981 1378 mihi
1013 1342 1265 1389 probaretur,
1296 1342 1349 1381 de
1381 1346 1443 1391 iis,

251 1408 354 1442 quae
376 1397 418 1432 in
438 1407 580 1433 manus
600 1408 710 1433 meas
730 1401 942 1434 venerunt.
955 1387 972 1413 ²

296 1459 307 1479 ¹
319 1471 361 1492 ea
374 1484 381 1492 .
399 1484 407 1493 .
425 1484 432 1492 .
450 1460 661 1492 incidissent
683 1460 803 1500 MSS.,
831 1461 914 1500 Bt.¹,
942 1461 1070 1501 Heine,
1093 1462 1177 1502 Ed.;
1193 1474 1271 1496 eam
1295 1461 1442 1508 [repug-

251 1502 447 1547 nantiamJ.
465 1528 473 1536 .
489 1528 497 1536 .
514 1504 699 1536 incidisset
714 1504 854 1546 Unger,
875 1504 950 1537 Bw

293 1547 493 1592 2-υεηεφςαηέ
507 1548 704 1587 Manutius,
724 1548 815 1582 Edd.
825 1560 834 1587 ς
851 1549 1017 1582 venerint
1033 1549 1136 1583 MSS.

291 1620 370 1652 aAs
396 1631 419 1652 a
446 1620 675 1662 Peripatetic,
704 1620 903 1663 Cratippus
935 1621 1087 1654 insisted
1119 1623 1199 1655 that
1229 1624 1331 1656 there
1361 1635 1439 1659 was

249 1665 401 1696 natural
414 1664 512 1706 good
529 1675 572 1696 as
590 1665 667 1696 well
685 1675 728 1696 as
745 1666 860 1697 moral
872 1665 969 1706 good
986 1678 995 1704 ;
1018 1666 1102 1699 thus
1126 1667 1263 1707 health,
1282 1668 1435 1709 honour,

251 1714 336 1748 etc„
367 1719 462 1740 were
488 1708 587 1750 good
615 1708 688 1740 and
715 1709 830 1741 worth
853 1709 1008 1751 seeking
1027 1710 1082 1742 for
1103 1711 1197 1743 their
1219 1722 1301 1744 own
1328 1714 1433 1752 sake,

246 1753 387 1794 though
410 1752 447 1784 in
473 1753 546 1784 less
572 1752 705 1793 degree
731 1753 819 1785 than
846 1753 971 1785 virtue.
1023 1754 1091 1786 But
1120 1755 1180 1787 the
1205 1755 1323 1788 Stoics
1346 1756 1437 1798 (and

247 1797 376 1829 Cicero
399 1796 429 1829 is
453 1807 534 1828 now
557 1796 740 1838 speaking
762 1807 805 1829 as
826 1807 848 1829 a
871 1797 985 1839 Stoie)
1001 1797 1116 1830 called
1135 1799 1183 1831 all
1206 1799 1310 1832 those
1331 1801 1438 1834 other

246 1841 427 1881 blessings
451 1844 513 1872 not
528 1840 691 1880 “good’‘
714 1851 780 1872 nor
805 1842 955 1873 “worth
981 1842 1136 1884 seeking
1160 1842 1215 1874 sor
1238 1843 1332 1875 their
1353 1855 1435 1877 own

244 1885 370 1921 sake.”
388 1885 450 1916 but
469 1884 742 1916 “indifferent''

275 1927 403 1960 bWith
426 1928 498 1960 this
525 1929 568 1960 he
593 1939 715 1960 waves
739 1928 854 1966 aside,
874 1929 1023 1961 without
1046 1940 1133 1961 even
1156 1930 1216 1961 the
1233 1930 1373 1963 honour
1394 1932 1437 1965 of

241 1972 467 2013 mentioning
483 1972 591 2010 them,
605 1973 664 2004 the
683 1972 916 2014 Epicureans,
937 1973 1149 2017 Cyrenaics,
1168 1978 1235 2008 etc.

273 2021 288 2039 ‘²
302 2017 461 2048 Because
479 2017 522 2048 he
539 2027 616 2048 was
634 2027 656 2048 a
674 2016 782 2050 Stoic.

348 2076 428 2111 300
