1546 2294
231 776 283 816 72

236 1355 289 1398 73

605 112 806 151 CICERO
836 112 913 150 DE
943 111 1180 151 OFFICIIS

309 195 456 242 omnia,
478 207 581 242 quae
597 196 732 241 turpia
751 197 860 240 sunt,
879 193 986 231 mala
1005 198 1115 241 sunt,
1129 193 1235 232 mala
1254 194 1370 233 bonis
1389 196 1507 242 ponit

311 272 419 306 ante.

367 339 456 378 Nec
482 352 579 378 vero
604 341 647 376 in
678 338 853 386 praediis
877 338 1007 376 solum
1040 341 1102 377 ius
1137 338 1254 378 civile
1286 338 1456 378 ductum
1486 353 1511 378 a

313 417 459 450 natura
485 411 683 450 malitiam
709 411 975 458 fraudemque
1002 411 1194 459 vindicat,
1215 411 1288 450 sed
1318 414 1442 450 etiam
1467 415 1511 450 in

312 487 606 532 mancipiorum
633 484 870 522 venditione
894 483 1116 522 venditoris
1147 483 1255 522 fraus
1284 487 1414 523 omnis
1441 498 1510 523 ex-

314 557 502 595 cluditur.
563 556 645 604 Qui
685 559 795 595 enim
830 559 932 595 scire
965 556 1110 595 debuit
1148 557 1200 595 de
1235 559 1424 605 sanitate,
1454 557 1508 596 de

312 630 421 677 fuga,
442 629 494 668 de
515 629 647 677 furtis,
666 634 848 677 praestat
874 629 1009 667 edicto
1027 629 1231 668 aedilium.
1292 629 1508 668 Heredum

314 702 392 739 alia
411 715 530 739 causa
550 706 623 740 est.

371 774 431 812 Ex
453 787 533 821 quo
553 773 822 821 intellegitur,
843 777 1034 820 quoniam
1053 775 1150 812 iuris
1169 778 1315 812 natura
1333 773 1424 813 fons
1443 777 1510 822 sit,

312 847 390 884 hoc
417 847 641 885 secundum
665 852 852 885 naturam
879 860 981 894 esse,
1001 849 1209 885 neminem
1234 846 1278 885 id
1308 860 1445 896 agere,
1463 853 1512 886 ut

312 933 362 958 ex
397 919 564 958 alterius
596 919 816 967 praedetur
846 922 1016 957 inscitia.
1077 919 1167 958 Nec
1197 919 1281 958 ulla
1311 922 1511 968 pernicies

313 995 421 1030 vitae
441 995 567 1030 maior
582 995 755 1030 inveniri
774 997 911 1040 potest
931 1005 1051 1039 quam
1071 994 1114 1030 in
1127 991 1288 1042 ,malitia
1307 992 1510 1032 simulatio

312 1065 623 1112 intellegentiae
634 1078 644 1111 ;
674 1078 725 1103 ex
744 1078 824 1112 quo
843 1067 921 1103 ista
945 1064 1255 1102 innumerabilia
1273 1069 1508 1114 nascuntur,

311 1142 359 1176 ut
385 1137 501 1176 utilia
530 1151 622 1175 cum
645 1137 827 1175 honestis
855 1150 1038 1185 pugnare
1067 1137 1292 1175 videantur.
1349 1136 1508 1185 Quotus

314 1213 424 1248 enim
456 1213 626 1256 quisque
657 1212 897 1257 reperietur,
918 1212 986 1256 qui
1013 1211 1258 1256 impunitate
1285 1214 1329 1248 et
1351 1212 1511 1258 ignora-

314 1285 427 1321 tione
447 1285 630 1320 omnium'
647 1284 853 1330 proposita
871 1282 1076 1319 abstinere
1097 1284 1223 1329 possit
1242 1283 1413 1320 iniuria?

376 1354 532 1392 XVIII.
568 1354 862 1401 periclitemur,
890 1356 923 1392 si
949 1353 1099 1402 placet,
1120 1359 1164 1392 et
1194 1356 1237 1392 in
1268 1357 1316 1393 iis
1348 1355 1514 1402 quidem

317 1427 526 1475 exemplis,
547 1429 590 1465 in
611 1427 755 1474 quibus
775 1428 934 1474 peccari
953 1426 1095 1474 volgus
1113 1425 1324 1464 hominum
1344 1426 1514 1467 fortasse

317 1513 399 1537 non
419 1505 550 1547 putet.
611 1499 757 1546 Neque
778 1501 888 1554 enim
907 1498 960 1536 de
981 1501 1144 1546 sicariis,
1163 1498 1367 1547 veneficis,
1386 1504 1512 1539 testa—

316 1574 538 1619 mentariis,
565 1571 733 1619 furibus,
758 1571 1056 1619 peculatoribus
1081 1570 1160 1609 hoc
1189 1571 1278 1610 loco
1312 1571 1512 1611 disseren-

313 1644 411 1682 dum
431 1650 506 1691 est,
524 1647 593 1691 qui
613 1658 695 1682 non
711 1644 843 1682 verbis
863 1648 959 1682 sunt
979 1648 1022 1682 et
1041 1643 1316 1690 disputatione
1336 1643 1512 1691 philoso-

317 1716 501 1763 phorum,
523 1716 595 1754 sed
624 1716 766 1754 vinclis
794 1721 838 1754 et
864 1729 1024 1754 carcere
1051 1715 1263 1763 fatigandi,
1284 1715 1357 1754 sed
1388 1710 1514 1755 haec¹

317 1788 631 1835 consideremus,
652 1802 756 1836 quae
777 1787 933 1826 faciunt
952 1791 993 1835 ii,
1014 1791 1082 1835 qui
1103 1787 1307 1826 habentur
1326 1789 1432 1826 boni.

372 1860 415 1898 L.
441 1861 595 1899 Minuci
618 1861 752 1908 Basili,
773 1860 987 1908 locupletis
1013 1860 1200 1907 hominis,
1221 1859 1366 1899 falsum
1386 1866 1511 1900 testa-

314 1939 501 1971 mentum
517 1933 681 1981 quidam
697 1946 719 1971 e
734 1933 906 1971 Graecia
929 1933 1095 1970 Romam
1115 1932 1353 1971 attulerunt.
1387 1932 1510 1980 Quod

604 2032 710 2065 ¹haec
724 2043 753 2064 c.
776 2031 886 2069 Edd.;
903 2031 967 2064 hoc
982 2032 1010 2064 B
1029 2031 1062 2063 H
1081 2042 1104 2065 a
1121 2031 1155 2066 b.

435 2095 513 2130 342
