1546 2294
77 1253 161 1287 Piut„

78 1288 148 1315 Inst.

76 1322 87 1347 I
100 1329 171 1348 acon

76 1341 180 1383 2⁴39F'

241 1622 291 1659 78

362 1943 514 1976 ³intulit
531 1945 557 1976 B
578 1944 610 1976 H
630 1944 663 1983 b,
684 1945 794 1983 Edd.;
819 1946 948 1977 detulit
966 1945 993 1976 L
1010 1956 1029 1977 c
1047 1956 1081 1987 p.

626 98 826 140 CICERO
857 101 933 140 DE
964 103 1200 146 OFFICIIS

329 183 414 224 laus
433 182 729 228 abstinentiae1
751 204 834 229 non
860 191 1033 232 hominis
1053 200 1118 233 est
1137 196 1280 244 solum,
1301 197 1374 236 sed
1401 201 1523 238 etiam

329 254 560 298 temporum
592 253 763 292 illorum.
826 256 951 295 Omni
983 259 1256 300 Macedonum
1286 275 1399 310 gaza,
1420 276 1524 311 quae

329 313 407 352 fuit
421 319 607 365 maxima,
621 322 775 365 potitus
793 311 890 368 [est]
901 315 916 339 ²
933 322 1078 362 Paulus
1094 329 1256 364 tantum
1271 329 1312 364 in
1327 330 1525 367 aerarium

329 383 525 425 pecuniae
547 384 715 430 invexit,
736 389 783 423 ut
807 388 925 424 unius
949 389 1203 435 imperatoris
1227 391 1377 438 praeda
1401 391 1524 431 finem

328 444 514 483 attulerit
554 447 810 487 tributorum.
870 450 929 489 At
966 451 1033 490 hic
1072 453 1174 492 nihil
1213 454 1380 494 domum
1413 469 1524 495 suam

327 502 492 547 intulit3
530 517 693 558 praeter
729 518 966 553 memoriam
1004 521 1179 557 nominis
1220 523 1521 568 sempiternam.

331 571 517 613 Imitatus
538 580 696 622 patrem
717 577 933 618 Africanus
953 581 1081 619 nihilo
1101 582 1343 631 locupletior
1357 585 1524 624 Cartha-

327 640 423 684 gine
445 652 593 678 eversa.
642 640 777 688 Quid?
808 646 877 690 qui
899 647 984 683 eius
1005 646 1162 694 collega
1181 647 1261 686 fuit
1279 651 1322 686 in
1342 662 1524 698 censura,

330 701 372 739 L.
398 703 631 752 Mummius,
652 708 851 754 numquid
871 711 1079 757 copiosior,
1101 725 1193 749 cum
1213 715 1526 760 copiosissimam

328 767 471 805 urbem
501 768 686 808 funditus
717 772 972 812 sustulisset?
1031 774 1191 814 Italiam
1230 789 1373 816 ornare
1404 791 1526 826 quam

327 831 492 870 domum
508 846 620 872 suam
636 835 800 882 maluit3
830 850 1074 885 quamquam
1091 839 1211 878 Italia
1225 846 1367 880 ornata
1382 842 1526 882 domus

327 898 412 943 ipsa
431 897 531 935 mihi
551 898 712 937 videtur
731 904 918 940 ornatior.

383 961 553 1000 Nullum
590 966 715 1011 igitur
749 969 892 1004 vitium
926 972 1092 1007 taetrius
1125 974 1200 1016 est,
1235 975 1283 1009 ut
1316 984 1378 1019 eo,
1412 971 1522 1011 unde

326 1034 487 1067 egressa
507 1028 583 1070 est,
603 1023 755 1063 referat
775 1038 818 1063 se
838 1029 978 1074 oratio,
999 1041 1120 1075 quam
1139 1032 1318 1077 avaritia,
1338 1043 1518 1078 praeser-

326 1083 401 1119 tim
427 1084 470 1119 in
496 1085 744 1131 principibus
769 1090 813 1123 et
838 1099 925 1124 rem
951 1087 1154 1134 publicam
1183 1089 1517 1136 gubernantibus.

330 1141 496 1180 Habere
536 1145 645 1181 enim
679 1148 865 1190 quaestui
908 1159 994 1184 rem
1038 1147 1241 1194 publicam
1279 1161 1361 1187 non
1398 1149 1520 1188 modo

326 1205 445 1247 turpe
466 1206 541 1248 est,
558 1202 630 1240 sed
650 1203 893 1242 sceleratum
909 1208 1033 1243 etiam
1050 1211 1093 1244 et
1112 1206 1324 1246 nefarium.
1361 1207 1519 1258 Itaque,

327 1258 605 1308 quod'Apollo
634 1262 802 1309 Pythius
828 1264 1005 1302 oraclum
1033 1265 1175 1312 edidit,
1197 1265 1384 1314 Spartam
1409 1267 1522 1306 nulla

326 1333 370 1358 re
402 1320 479 1358 alia
510 1323 586 1358 nisi
620 1325 786 1360 avaritia
810 1336 897 1361 esse
923 1327 1158 1371 perituram,
1179 1325 1221 1363 id
1251 1326 1413 1365 videtur
1438 1340 1520 1366 non

325 1379 454 1417 solum
488 1379 831 1429 Lacedaemoniis,
852 1383 925 1421 sed
952 1387 1075 1421 etiam
1105 1385 1291 1423 omnibus
1317 1385 1520 1433 opulentis

325 1439 483 1487 populis
503 1440 760 1487 praedixisse.
823 1442 946 1480 Nulla
966 1448 1103 1481 autem
1124 1457 1167 1482 re
1189 1444 1402 1483 conciliare
1422 1444 1518 1483 faci-

324 1498 400 1537 lius
432 1500 749 1539 benivolentiam
781 1502 1055 1540 multitudinis
1086 1508 1255 1550 possunt
1286 1506 1326 1550 ii,
1359 1507 1428 1551 qui
1459 1508 1516 1543 rei

323 1559 508 1606 publicae
528 1566 734 1607 praesunt,
755 1575 874 1608 quam
895 1563 1142 1600 abstinentia
1161 1568 1205 1601 et
1224 1566 1486 1603 continentia.

380 1618 461 1666 Qui
482 1633 576 1658 vero
603 1633 645 1658 se
678 1621 891 1668 populares
912 1621 1054 1660 volunt
1080 1623 1131 1660 ob
1158 1635 1328 1670 eamque
1356 1636 1515 1662 causam

322 1684 393 1717 aut
412 1683 607 1726 agrariam
629 1693 715 1718 rem
736 1685 956 1728 temptant,
978 1686 1025 1719 ut
1045 1694 1292 1728 possessores
1313 1682 1517 1730 pellantur

321 1741 401 1777 suis
428 1739 602 1786 sedibus,
624 1745 695 1778 aut
726 1743 916 1787 pecunias
945 1741 1118 1779 creditas
1146 1741 1397 1780 debitoribus
1423 1755 1518 1780 con-

367 1811 623 1845 'abslinentiae
640 1813 667 1844 L
685 1824 703 1845 e
720 1824 755 1855 p,
777 1813 886 1851 Edd.;
910 1814 1113 1856 sapientiae
1130 1814 1157 1846 B
1181 1814 1214 1845 H
1232 1825 1255 1846 a
1269 1813 1301 1846 b.

324 1855 523 1932 Μὲἒοίίΐιιε
545 1857 563 1896 J
607 1857 644 1889 F.
674 1858 895 1899 Heusinger-3
913 1858 1052 1900 potitus
1075 1856 1152 1900 [est]
1180 1858 1289 1897 Edd.;
1307 1859 1447 1901 potitus
1468 1862 1520 1892 est

535 2037 551 2055 ὃ
565 2031 596 2062 N
602 2008 700 2073 early
711 2008 790 2063 Vtwo
808 2008 941 2063 million
958 2031 1100 2074 pounds
1117 2033 1278 2074 sterling.

428 2096 508 2130 252
