1546 2294
232 624 304 658 111

231 1469 307 1503 112

632 105 833 146 CICERO
864 107 941 146 DE
971 109 1209 150 OFFICIIS

337 188 515 232 nestum,
535 187 659 224 immo
683 199 778 225 vero
803 200 905 235 esse,
925 201 1009 227 non
1035 190 1132 228 fieri.
1193 191 1269 230 Est
1294 194 1404 230 enim
1429 192 1533 231 nihil

338 257 452 305 utile,
488 258 597 305 quod
630 259 740 298 idem
778 274 861 298 non
899 261 1131 311 honestum,
1166 277 1258 312 nec,
1291 267 1385 312 quia
1417 265 1535 314 utile,

339 329 571 379 honestum,
593 331 678 379 sed,
701 335 795 380 quia
815 333 1045 382 honestum,
1067 336 1178 374 utile.

395 401 531 450 Quare
553 417 603 442 ex
623 405 763 443 multis
788 406 1037 445 mirabilibus
1065 409 1262 456 exemplis
1285 409 1396 449 haud
1415 409 1534 449 facile

339 477 427 522 quis
462 476 611 514 dixerit
638 476 715 515 hoc
742 479 930 526 exemplo
957 485 1028 518 aut
1054 474 1294 521 laudabilius
1322 488 1394 522 aut
1418 496 1534 531 prae-

338 550 521 586 stantius.

397 620 549 659 XXXI.
583 621 665 660 Sed
691 635 740 660 ex
764 627 854 660 tota
876 622 953 661 hac
976 623 1097 663 laude
1120 625 1266 673 Reguli
1284 639 1413 665 unum
1431 627 1534 666 illud

340 697 405 731 est
433 693 701 732 admiratione
731 694 915 743 dignum,
945 696 1054 743 quod
1086 700 1265 745 captivos
1297 699 1535 739 retinendos

339 768 508 804 censuit.
581 767 687 804 Nam
726 767 835 814 quod
873 768 1010 816 rediit,
1048 770 1164 808 nobis
1202 784 1313 809 nunc
1349 772 1532 811 mirabile

339 838 515 886 videtur,
546 839 626 877 illis
658 840 824 886 quidem
858 842 1109 888 temporibus
1135 843 1255 882 aliter
1285 843 1420 883 facere
1449 858 1532 884 non

338 914 497 960 potuit3
526 914 665 959 itaque
685 915 762 951 ista
782 913 868 951 laus
887 926 971 951 non
991 919 1054 952 est
1074 914 1260 963 hominis,
1281 916 1355 955 sed
1373 921 1532 966 tempo-

337 996 437 1022 rum.
471 983 641 1022 Nullum
661 987 770 1022 enim
790 985 995 1024 vinculum
1015 986 1067 1024 ad
1086 987 1390 1035 astringendam
1409 989 1531 1029 fidem

338 1059 424 1094 iure
445 1056 614 1095 iurando
634 1060 804 1096 maiores
823 1061 949 1096 artius
970 1071 1058 1097 esse
1078 1060 1304 1100 voluerunt.
1356 1061 1405 1100 Id
1424 1062 1528 1101 indi-

337 1129 433 1162 cant
462 1124 576 1171 leges
607 1127 650 1162 in
681 1124 897 1163 duodecim
929 1127 1091 1173 tabulis,
1123 1127 1307 1168 indicant
1335 1135 1528 1178 sacratae,

337 1192 521 1230 indicant
541 1192 719 1240 foedera,
741 1194 885 1240 quibus
907 1196 1030 1232 etiam
1051 1208 1144 1233 cum
1164 1195 1282 1234 hoste
1301 1196 1530 1236 devincitur

337 1260 451 1308 fides,
479 1260 662 1298 indicant
690 1263 877 1299 notiones
905 1262 1353 1311 animadversionesque
1392 1277 1531 1304 censo-

338 1341 441 1375 rum,
458 1330 528 1375 qui
543 1328 656 1365 nulla
671 1327 723 1366 de
738 1341 782 1366 re
799 1328 1037 1375 diligentius
1053 1342 1173 1376 quam
1189 1330 1241 1368 de
1257 1333 1344 1370 iure
1363 1331 1532 1371 iurando

337 1396 581 1435 iudicabant.

395 1464 438 1502 L.
465 1463 619 1501 Manlio
647 1463 695 1501 A.
719 1463 763 1511 f.,
784 1477 876 1502 cum
901 1463 1076 1502 dictator
1102 1464 1258 1512 fuisset,
1281 1465 1336 1504 M.
1361 1465 1531 1515 Pompo-

336 1535 427 1570 nius
453 1537 502 1570 tr.
533 1531 586 1579 pl.
621 1531 730 1570 diem
758 1531 874 1579 dixit,
896 1532 1004 1579 quod
1030 1535 1063 1571 is
1089 1545 1237 1580 paucos
1263 1534 1339 1572 sibi
1364 1533 1451 1573 dies
1477 1535 1529 1574 ad

335 1600 578 1639 dictaturam
590 1599 814 1646 gerendam
827 1599 1070 1646 addidisset3
1091 1601 1378 1640 criminabatur
1390 1605 1527 1652 etiam,

335 1668 443 1716 quod
463 1668 601 1706 Titum
623 1667 762 1715 filium,
779 1670 845 1715 qui
862 1673 1005 1715 postea
1025 1673 1088 1706 est
1107 1667 1334 1716 Torquatus
1348 1669 1526 1718 appella·

334 1741 413 1783 tus,
430 1736 480 1774 ab
495 1735 727 1773 hominibus
743 1735 964 1782 relegasset
981 1740 1024 1773 et
1037 1738 1118 1773 ruri
1130 1735 1314 1775 habitare
1334 1739 1524 1776 iussisset.

368 1867 386 1888 Β
397 1864 421 1880 “
434 1862 569 1894 Sacred
583 1863 598 1873 ''
613 1863 714 1901 laws,
730 1862 929 1903 according
945 1865 982 1893 to
1001 1862 1130 1894 Festus
1146 1861 1195 1904 (p.
1215 1862 1305 1904 318),
1325 1873 1420 1895 were
1436 1864 1528 1896 laws

335 1908 416 1939 that
432 1906 560 1948 placed
578 1906 671 1937 their
685 1910 953 1947 transgressor,
969 1907 1139 1947 together
1154 1906 1238 1937 with
1257 1907 1312 1939 his
1329 1907 1526 1940 household

334 1951 407 1983 and
431 1951 486 1982 his
512 1954 696 1992 property,
723 1949 838 1981 under
861 1950 920 1981 the
945 1949 1015 1981 ban
1041 1949 1082 1981 of
1104 1960 1204 1982 some
1227 1949 1398 1993 divinity;
1422 1952 1528 1983 other

334 1994 546 2026 authorities
574 1994 664 2025 limit
691 1993 751 2025 the
777 1998 866 2025 term
894 1998 931 2025 to
955 1993 1015 2025 the
1043 1995 1132 2026 laws
1160 1994 1312 2027 enacted
1343 2004 1437 2037 upon
1464 1996 1524 2028 the

335 2038 471 2071 Sacred
489 2038 616 2070 Mount
632 2036 720 2075 (13.c.
741 2037 830 2079 394).

444 2093 522 2134 390
