1520 2320
145 665 197 701 38

94 1648 214 1678 Ennius.

92 1685 168 1710 Anu.
182 1681 221 1708 VI

95 1706 232 1747 Vahlen2,'

94 1751 143 1780 xii.
152 1750 216 1777 194-

93 1785 146 1811 201

549 95 749 135 CICERO
781 96 857 135 DE
887 97 1123 138 OFFICIIS

252 179 415 224 grinum
444 177 626 215 dicimus.
687 176 878 216 Indicant
907 178 1122 217 duodecim
1150 180 1334 220 tabulae:
1365 194 1445 220 am·

256 258 399 284 srA'rus
431 258 515 283 oms
545 258 625 283 cum
659 258 797 292 uos‘m,
825 249 1028 294 itemque:
1059 260 1256 286 Anvsnsus
1288 261 1444 287 nosram

258 325 440 351 AETERNA
460 326 713 351 AUCTORITAS.
775 312 885 361 Quid
905 314 957 352 ad
971 314 1076 353 hanc
1091 316 1446 355 mansuetudinem

255 382 351 420 addi
379 387 529 430 potest,
558 395 667 428 eum,
692 385 855 429 quicum
884 382 1038 421 bellum
1066 397 1196 431 geras,
1221 389 1305 422 tam
1334 384 1447 423 molli

255 453 419 489 nomine
457 450 688 498 appellare?
747 449 1003 498 Quamquam
1041 452 1083 490 id
1120 465 1271 491 nomen
1309 453 1446 492 durius

257 509 406 554 effecit1
434 517 514 552 iam
539 520 739 560 vetustas3
767 528 791 552 a
820 518 1036 562 peregrino
1066 519 1177 554 enim
1204 520 1373 556 recessit
1401 521 1446 556 et

257 591 416 636 proprie
437 591 479 626 in
500 601 562 635 eo,
583 590 652 635 qui
672 601 783 625 arma
802 592 943 625 contra
962 588 1101 636 ferret,
1122 592 1326 628 remansit.

312 661 413 700 Cum
429 674 524 699 vero
539 661 591 699 de
607 664 777 708 imperio
790 660 1024 700 decertatur
1039 662 1228 710 belloque
1241 665 1449 710 quaeritur

254 734 394 782 gloria,
411 747 548 772 causas
568 736 734 772 omnino
753 734 917 772 subesse
938 739 1076 773 tamen
1092 740 1255 783 oportet
1270 736 1447 784 easdem,

255 820 353 855 quas
388 807 471 845 dixi
505 806 625 854 paulo
658 812 755 845 ante
790 809 914 845 iustas
950 821 1086 846 causas
1117 821 1205 847 esse
1236 808 1445 848 bellorum.

256 880 339 920 Sed
373 893 421 918 ea
454 880 574 927 bella,
608 880 754 927 quibus
787 883 946 928 imperii
980 884 1185 928 proposita
1213 881 1342 929 gloria
1372 887 1449 930 est,

255 956 388 992 minus
421 953 567 991 acerbe
601 953 782 1000 gerenda
817 958 922 991 sunt.
999 953 1059 992 Ut
1093 957 1202 992 enim
1243 967 1336 993 cum
1371 958 1448 994 civi

254 1027 373 1065 aliter
399 1026 697 1073 contendimus,
718 1018 775 1064 si2
802 1031 865 1064 est
888 1029 1086 1073 inimicus,
1116 1027 1247 1075 aliter,
1277 1031 1310 1066 si
1341 1041 1448 1066 com-

255 1102 408 1147 petitor
435 1091 546 1145 (cum
572 1099 702 1137 altero
729 1104 938 1137 certamen
964 1099 1127 1138 honoris
1159 1105 1203 1138 et
1233 1100 1446 1148 dignitatis

255 1178 331 1220 est,
353 1186 445 1211 cum
464 1172 594 1210 altero
615 1174 757 1219 capitis
778 1176 822 1210 et
841 1163 1004 1219 famae),
1025 1175 1082 1210 sic
1106 1186 1199 1211 cum
1219 1173 1446 1222 Celtiberis,

255 1259 349 1284 cum
369 1246 539 1284 Cimbris
559 1244 714 1282 bellum
733 1250 781 1283 ut
800 1258 892 1282 cum
912 1248 1084 1283 inimicis
1103 1246 1336 1294 gerebatur,
1356 1252 1448 1286 uter

256 1323 376 1366 esset,
390 1331 472 1356 non
493 1323 584 1356 uter
604 1320 835 1364 imperaret,
850 1331 942 1355 cum
964 1318 1132 1365 Latinis,
1149 1318 1321 1367 Sabinis,
1336 1319 1448 1359 Sam-

256 1392 421 1438 ustibus,
463 1391 620 1437 Poenis,
665 1389 818 1437 Pyrrho
857 1390 909 1428 de
947 1393 1118 1438 imperio
1165 1391 1442 1432 dimicabatur.

260 1465 383 1503 Poeni
404 1463 632 1510 foedifragi,
649 1462 823 1501 crudelis
846 1463 1068 1510 Hannibal,
1085 1464 1230 1511 reliqui
1245 1467 1442 1505 iustiores.

258 1537 398 1586 Pyrrhi
419 1537 584 1584 quidem
605 1536 656 1574 de
678 1539 846 1583 captivis
866 1536 1086 1575 reddendis
1105 1537 1175 1575 illa
1193 1538 1418 1585 praeclaraz

311 1645 398 1682 Nec
417 1646 473 1681 mi
492 1656 634 1680 aurum
654 1655 775 1689 posco
795 1655 871 1679 nec
892 1645 946 1680 mi
967 1645 1144 1690 pretium
1165 1642 1373 1689 dederitis,

310 1709 415 1755 Nec³
435 1720 708 1763 cauponantes
729 1715 895 1762 bellum,
917 1715 989 1753 sed
1008 1715 1298 1762 belligerantes

313 1790 447 1836 Ferro,
468 1802 550 1827 non
570 1802 667 1826 auro
689 1791 811 1826 vitam
831 1801 1042 1826 cernamus
1061 1791 1233 1836 utrique.

303 1905 439 1949 ¹effecit
454 1904 566 1941 Edd.;
583 1903 692 1946 efficit
708 1902 811 1935 Mss.

299 1948 401 1981 'lcum
425 1949 501 1981 cive
524 1946 650 1990 [Edd.:
676 1944 762 1989 civi]
779 1947 888 1979 aliter
901 1947 1145 1979 contendimus
1158 1947 1195 1980 .ςί
1208 1947 1248 1986 L,
1267 1946 1444 1981 Anemoe-

255 1993 343 2032 cius,
364 1993 473 2030 Edd.;
490 2003 569 2024 cum
586 1991 744 2024 civiliter
754 1991 997 2023 contendimus
1012 1991 1120 2024 aliter
1132 1992 1168 2024 si
1180 1991 1212 2024 A
1230 1991 1258 2024 Β
1277 1991 1310 2024 H
1329 2003 1352 2025 a
1369 1992 1392 2025 b
1408 2003 1438 2026 c.

307 2036 404 2069 ³Nec
419 2037 449 2068 A
468 2036 495 2068 Β
515 2036 547 2067 H
567 2035 591 2068 b
607 2046 645 2074 cg
661 2035 743 2067 Non
762 2034 789 2067 L
806 2046 840 2077 p,
861 2035 932 2075 Bt„
954 2035 1081 2068 Heine.

363 2094 415 2126 40
