1546 2294
190 302 260 337 121

589 89 812 130 CICERO
820 90 897 128 DE
911 89 1165 130 ‘OFFICIIS

296 170 393 218 quid
413 170 626 218 voluptati,
650 171 903 209 condimenti
928 171 1099 210 fortasse
1118 185 1219 229 non
1239 171 1354 242 nihil,
1378 170 1489 212 utili'-

295 237 394 275 tatis-
412 240 523 273 certe
542 233 653 273 nihil
664 234 843 274 habebit.

307 323 314 348 ·.
355 299 498 338 Habes
529 313 553 336 a
583 304 700 347 patre
731 312 892 347 munus,
926 300 1064 338 Marce
1098 300 1167 347 fili,
1201 303 1292 339 mea
1310 300 1491 358 quidem

298 366 506 402 sententia
531 360 743 410 magnum,
776 363 848 401 sed
879 364 1049 413 perinde
1081 367 1172 411 erit,
1192 369 1246 416 ut
1276 367 1490 429 acceperis.

299 415 557 475 Quamquam
583 427 626 465 hi
650 428 726 465 tibi
746 432 829 465 tres
847 427 940 465 libri
960 430 1068 466 inter
1089 413 1268 476 Cratippi
1288 427 1493 483 commen-

299 494 422 539 tarios
442 496 651 538 tamquam
671 491 853 542 hospites
874 496 995 529 erunt
1013 492 1258 539 recipiendi3
1278 492 1362 540 sed,
1379 497 1442 539 ut,-
1459 483 1491 531 si

298 558 386 603 ipse
407 558 609 594 venissem
629 555 816 593 Athenas
835 547 963 602 (quod
989 555 1160 603 quidem
1186 562 1295 600 esset
1321 556 1492 604 factum,

299 622 377 658 nisi
396 633 463 658 me
484 633 507 658 e
527 620 663 658 medio
684 633 801 658 cursu
823 619 929 658 clara
954 633 1052 658 voce
1078 623 1214 667 patria
1233 612 1492 667 revocasset),

300 681 518 730 aliquando
557 696 624 721 me
673 695 836 730 quoque
882 683 1055 730 audires,
1094 687 1164 731 sic,
1203 687 1393 732 quoniam
1430 685 1494 723 his

301 747 572 786 voluminibus
592 747 644 784 ad
660 747 911 794 'teprofecta
934 761 1010 785 vox
1035 745 1106 786 est
1121 761 1225 795 mea,
1249 749 1403 787 tribues
1425 741 1497 788 iis¹

283 815 494 866 *temporis
523 817 722 866 quantum
750 814 915 859 poteris,
942 815 1094 859 poteris
1123 801 1273 860 autem,
1298 819 1496 861 quantum

301 875 423 914 voles.
485 876 587 914 Cum
607 889 702 914 vero
722 875 966 914 intellexero
981 881 1025 914 te
1041 876 1118 914 hoc
1133 879 1327 916 scientiae
1342 871 1498 925 genere

301 940 495 987 gaudere,
509 945 599 978 tum
619 944 663 978 et
681 953 871 987 praesens
886 945 1024 977 tecum
1039 940 1288 988 propediem,
1307 946 1351 980 ut
1366 954 1497 989 spero,
1511 987 1514 991 ,

303 1009 359 1050 et,
381 1003 479 1042 dum
498 1003 642 1049 aberis,
662 1004 808 1047 absens
827 1003 978 1050 loquar.

317 1087 319 1091 ·
359 1067 460 1106 Vale
491 1070 629 1114 igitur,
660 1069 717 1104 mi
749 1067 911 1114 Cicero,
927 1068 1084 1114 tibique
1116 1068 1314 1115 persuade
1341 1081 1428 1107 esse
1451 1073 1495 1108 te

304 1130 470 1179 quidem
489 1130 589 1168 mihi
610 1133 870 1178 carissimum,
890 1130 963 1169 sed
982 1131 1112 1169 multo
1130 1131 1217 1170 fore
1237 1134 1442 1180 cariorem,
1462 1135 1496 1171 si

303 1195 453 1234 talibus
473 1187 661 1233 monitis2
680 1197 988 1242 praeceptisque
1008 1195 1233 1234 laetabere*
1254 1247 1257 1249 ι
1321 1204 1323 1206 “

350 1294 552 1336 ¹ii.;sEdd
569 1297 1013 1340 hisABHab;h1jse.

353 1340 369 1363 ⁸
380 1342 528 1374 monitis
541 1340 750 1380 Lambinus,
767 1341 877 1379 Edd.;
897 1342 1137 1374 monumentis
1152 1342 1184 1373 A
1202 1342 1230 1374 Β
1246 1342 1279 1374 Η
1294 1353 1317 1375 a
1330 1343 1370 1381 b,
1388 1344 1500 1376 moni-

311 1385 443 1419 mentis
458 1395 488 1417 c.

430 1498 448 1519 ὃ
462 1495 530 1526 But
547 1493 676 1526 Cicero
692 1504 803 1526 never
818 1504 896 1525 saw
914 1494 969 1526 his
986 1505 1052 1527 son
1072 1495 1218 1528 Marcus
1233 1496 1356 1540 again.

415 2071 496 2105 4⁰2
