1546 2294
177 364 228 397 84

549 107 749 147 CICERO
780 106 857 145 DE
886 106 1123 147 OFFICIIS

256 193 382 238 gratis
413 192 455 228 in
486 189 629 228 alieno.
690 188 802 237 Quid
832 190 914 228 ita?
945 194 1003 236 ut,
1034 203 1126 228 cum
1158 202 1236 237 ego
1266 193 1449 237 emerim,

256 246 513 293 aedificarim,
543 250 673 293 tuear,
702 245 950 293 impendam,
980 250 1026 284 tu
1055 259 1122 284 me
1152 248 1281 284 invito
1313 246 1449 285 fruare

257 303 372 341 meo?
431 302 541 350 Quid
573 307 636 341 est
666 302 776 340 aliud
807 302 894 340 aliis
926 315 997 340 sua
1028 305 1199 350 eripere,
1231 302 1319 341 aliis
1350 302 1448 341 dare

258 359 414 397 aliena?
462 359 642 397 Tabulae
662 371 756 396 vero
777 372 904 396 novae
920 358 1018 406 quid
1033 357 1189 397 habent
1203 361 1448 406 argumenti,

258 418 334 453 nisi
355 420 401 454 ut
428 428 536 453 emas
563 428 654 453 mea
679 417 852 462 pecunia
878 414 1064 462 fundum,
1091 427 1186 453 eum
1211 419 1258 454 tu
1285 414 1448 462 habeas,

259 485 335 519 ego
355 485 438 509 non
458 471 629 509 habeam
648 472 886 519 pecuniam?

312 527 461 566 XXIV.
494 527 628 575 Quam
648 528 699 565 ob
718 540 806 565 rem
824 540 877 565 ne
899 529 951 565 sit
970 540 1037 565 aes
1057 526 1249 574 alienum,
1264 525 1373 574 quod
1387 529 1446 565 rei

257 584 442 631 publicae
471 589 630 630 noceat,
654 583 950 631 providendum
980 588 1055 630 est,
1080 583 1189 630 quod
1217 582 1356 621 multis
1384 596 1446 620 ra-

257 641 436 679 tionibus
465 643 597 678 caveri
627 645 775 687 potest,
799 653 895 686 non,
920 642 952 678 si
981 639 1118 686 fuerit,
1146 644 1193 677 ut
1220 638 1446 687 locupletes

258 710 375 735 suum
414 696 601 744 perdant,
635 696 841 734 debitores
879 695 1090 734 lucrentur
1127 695 1326 741 alienum3
1368 708 1446 733 nec

258 756 367 792 enim
398 752 480 790 ulla
507 766 571 791 res
601 752 884 790 vehementius
913 765 999 790 rem
1028 751 1232 799 publicam
1261 753 1447 790 continet

258 822 379 856 quam
406 808 518 855 fides,
538 822 641 856 quae
669 822 757 847 esse
783 808 895 846 nulla
921 813 1071 855 potest,
1095 810 1173 845 nisi
1199 809 1278 845 erit
1304 819 1445 845 neces-

258 868 359 903 saria
393 865 539 903 solutio
572 878 707 902 rerum
740 864 995 902 creditarum.
1056 864 1289 911 Numquam
1321 863 1445 902 vehe-

239 924 435 969 .mentius
454 927 590 959 actum
611 926 674 959 est
693 934 814 968 quam
833 934 899 958 me
925 920 1103 966 consule,
1123 933 1176 958 ne
1200 919 1444 965 solveretur;

257 981 376 1016 armis
408 982 451 1015 et
481 980 621 1015 castris
651 981 852 1024 temptata
882 989 946 1014 res
977 981 1040 1014 est
1070 976 1121 1014 ab
1151 978 1262 1013 omni
1291 988 1444 1023 genere

258 1034 467 1072 hominum
487 1039 531 1072 et
550 1033 713 1079 ordine3
741 1033 887 1080 quibus
905 1035 963 1070 ita
982 1034 1127 1078 restiti,
1147 1036 1195 1070 ut
1213 1031 1290 1070 hoc
1309 1036 1443 1070 totum

258 1090 408 1128 malum
442 1089 494 1128 de
533 1103 576 1128 re
615 1089 776 1137 publica
813 1089 1036 1127 tolleretur.
1096 1087 1329 1135 Numquam
1366 1100 1442 1126 nec

258 1149 385 1184 maius
404 1159 472 1184 aes
492 1146 670 1184 alienum
690 1145 769 1183 fuit
787 1158 864 1183 nec
883 1145 1028 1183 melius
1047 1157 1124 1182 nec
1143 1143 1299 1182 facilius
1318 1142 1444 1182 disso-

257 1202 390 1240 lutum
429 1207 512 1248 est3
555 1201 770 1240 fraudandi
809 1204 918 1239 enim
957 1213 1028 1248 spe
1067 1199 1225 1238 sublata
1262 1198 1444 1238 solvendi

257 1261 477 1296 necessitas
498 1262 715 1296 consecuta
739 1262 812 1295 est.
874 1257 931 1295 At
956 1270 1051 1294 vero
1077 1256 1143 1294 hic
1170 1269 1279 1294 nunc
1304 1257 1447 1300 victor,

258 1320 346 1352 tum
366 1314 532 1361 quidem
552 1316 695 1361 victus,
716 1326 819 1360 quae
840 1315 1051 1360 cogitarat,
1067 1305 1137 1351 ea1
1153 1311 1340 1359 perfecit,
1354 1324 1446 1350 cum

259 1374 345 1409 eius
382 1373 462 1408 iam
501 1369 602 1408 nihil
642 1372 870 1408 interesset.
930 1368 1062 1406 Tanta
1091 1371 1135 1406 in
1169 1380 1218 1406 eo
1252 1366 1448 1415 peccandi

258 1426 383 1465 libido
412 1425 504 1473 fuit,
533 1431 579 1464 ut
607 1425 684 1463 hoc
714 1427 846 1473 ipsum
876 1437 970 1463 eum
999 1424 1238 1470 delectaret,
1266 1436 1447 1471 peccare,

257 1485 415 1522 etiamsi
436 1495 554 1520 causa
574 1495 655 1520 non
676 1487 794 1520 esset.

305 1589 511 1632 ¹cogitarat,
526 1600 568 1622 ea
586 1589 614 1621 B
633 1588 667 1621 H
685 1599 708 1621 a
724 1588 759 1627 b,
778 1586 865 1627 ΒΗ,
888 1588 1029 1626 Miiller3
1043 1587 1229 1629 cogitarat,
1243 1596 1322 1619 cum
1336 1586 1451 1628 ipsius

257 1635 441 1672 intererat,
461 1636 536 1665 tum
554 1643 595 1665 ea
612 1643 630 1665 e
647 1643 682 1676 p,
704 1632 789 1671 Bt.¹,
810 1632 938 1664 Heine.

299 1744 382 1776 aAn
398 1743 571 1776 assumed
588 1744 719 1785 appeal
737 1746 774 1774 to
790 1752 859 1774 one
875 1741 916 1773 of
928 1740 1100 1773 Caesar‘s
1116 1740 1243 1772 edicts.

298 1786 318 1812 b
332 1787 486 1827 Caesar,
506 1787 532 1819 it
554 1797 683 1824 seeum,
703 1786 775 1818 had
796 1785 869 1817 had
890 1795 989 1817 some
1005 1788 1088 1827 part
1105 1784 1139 1816 in
1156 1784 1216 1815 the
1232 1783 1398 1815 schemes
1416 1783 1456 1815 of

255 1832 411 1865 Catiline
423 1831 457 1863 in
470 1839 542 1863 13.c.
557 1831 599 1873 63
610 1830 681 1863 and
694 1829 855 1872 possibly
868 1829 901 1860 in
915 1830 973 1860 the
987 1829 1063 1870 plot
1073 1827 1194 1860 ofB.c.
1204 1827 1316 1869 66-65.
1333 1827 1450 1859 When

258 1877 314 1909 his
339 1879 533 1918 conquests
558 1875 593 1907 in
618 1874 714 1907 Gaul
738 1873 810 1906 had
833 1873 935 1905 freed
956 1873 1027 1904 him
1051 1871 1141 1904 from
1166 1871 1222 1903 his
1243 1871 1352 1903 debts
1376 1869 1448 1903 and

255 1920 361 1953 made
378 1919 448 1951 him
468 1919 552 1958 rich,
573 1919 629 1950 his
646 1922 765 1960 party,
785 1917 870 1949 with
889 1917 944 1949 his
961 1919 1122 1954 consent,
1138 1915 1273 1957 passed
1283 1915 1374 1951 (B.c.
1389 1917 1448 1957 49)

253 1965 313 1996 the
330 1963 532 1996 obnoxious
553 1962 758 2004 legislation
777 1962 860 1993 here
879 1960 1035 1992 referred
1052 1959 1214 1991 to—that
1231 1959 1278 1990 all
1295 1959 1445 1990 interest

252 2008 287 2040 in
303 2018 450 2040 arrears
462 2006 589 2038 should
608 2005 651 2037 be
670 2005 848 2043 remiltcd,
866 2004 937 2036 and
953 2004 1033 2035 that
1047 2004 1126 2035 that
1139 2003 1255 2035 which
1266 2002 1337 2035 had
1352 2002 1442 2035 been

251 2052 334 2095 paid
353 2051 481 2083 should
499 2050 543 2083 be
561 2050 740 2082 deducted
757 2049 848 2081 from
866 2049 926 2080 the
941 2047 1129 2091 principal.

358 2101 438 2142 260
