1546 2294
169 792 246 827 150

3 2026 163 2055 Eunuchus
177 2025 216 2056 11.

39 2062 74 2088 26

571 113 771 152 CICERO
803 114 878 152 DE
908 115 1144 155 OFFICIIS

277 196 445 240 imperio
465 193 629 232 affectos
650 195 861 234 observare
882 201 926 234 et
952 196 1085 235 colere
1106 197 1316 245 debemus,
1337 198 1466 237 tribu-

279 291 347 316 ere
369 281 491 316 etiam
512 279 687 317 multum
703 282 919 327 senectuti,
936 281 1082 319 cedere
1098 284 1159 329 iis,
1175 285 1244 330 qui
1259 285 1468 330 magistra-

279 368 368 400 tum
388 363 613 410 habebunt,
634 363 784 402 habere
805 364 1002 402 dilectum
1022 368 1118 404 civis
1138 371 1182 405 et
1201 370 1406 414 peregrini
1426 370 1468 404 in

275 451 442 495 ipsoque
472 451 700 495 peregrino,
734 451 976 496 privatimne
1011 464 1062 487 an
1102 451 1263 498 publice
1294 455 1463 490 venerit.

274 533 341 571 Ad
356 547 566 580 summam,
587 547 640 571 ne
660 546 778 580 agam
798 533 849 572 de
871 534 1051 581 singulis,
1068 549 1324 574 communem
1339 539 1465 574 totius

272 621 434 665 generis
461 618 671 656 hominum
699 619 1023 658 conciliationem
1054 624 1097 658 et
1126 623 1463 659 consociationem

274 703 420 750 colere,
441 706 560 750 tueri,
582 716 739 741 servare
760 703 966 742 debemus.

332 788 463 826 XLII.
498 788 584 825 Iam
603 788 655 826 de
671 788 848 826 artificiis
869 793 912 826 et
932 789 1179 836 quaestibus,
1194 791 1263 836 qui
1278 789 1469 827 liberales

275 873 467 920 habendi,
505 875 575 920 qui
614 872 765 911 sordidi
807 875 902 920 sint,
942 872 1042 911 haec
1090 873 1177 912 fere
1224 875 1461 921 accepimus.

276 958 454 996 Primum
507 958 787 1005 improbantur
839 960 867 995 ii
915 963 1119 1005 quaestus,
1167 961 1237 1006 qui
1284 961 1327 996 in
1374 958 1467 996 odia

274 1043 485 1082 hominum
505 1046 729 1089 incurrunt,
746 1048 793 1080 ut
814 1046 1067 1090 portitorum,
1087 1047 1135 1081 ut
1153 1042 1460 1081 faeneratorum.

278 1128 502 1166 Illiberales
534 1133 672 1166 autem
708 1132 752 1166 et
780 1127 931 1165 sordidi
965 1132 1156 1174 quaestus
1194 1130 1465 1166 mercennari-

274 1226 388 1251 orum
424 1214 617 1258 omnium,
648 1224 817 1258 quorum
851 1224 1011 1258 operae,
1041 1224 1123 1248 non
1157 1224 1326 1258 quorum
1359 1216 1466 1249 artes

277 1301 493 1342 emuntur3
537 1300 600 1334 est
634 1298 741 1333 enim
777 1298 820 1332 in
854 1295 933 1333 illis
971 1298 1057 1342 ipsa
1094 1309 1250 1334 merces
1286 1300 1468 1334 auctora-

277 1386 463 1420 mentum
511 1382 727 1418 servitutis.
788 1379 947 1418 Sordidi
996 1382 1119 1418 etiam
1167 1379 1351 1427 putandi,
1400 1383 1467 1427 qui

276 1470 509 1504 mercantur
546 1478 570 1502 a
607 1464 910 1511 mercatoribus,
945 1463 1054 1510 quod
1092 1466 1230 1502 statim
1263 1463 1468 1510 vendant3

277 1551 378 1589 nihil
414 1552 523 1588 enim
563 1549 786 1596 proficiant,
821 1550 897 1586 nisi
935 1547 1154 1586 admodum
1192 1550 1468 1594 mentiantur3

276 1649 353 1674 nec
370 1648 463 1673 vero
484 1639 547 1672 est
566 1636 780 1680 quicquam
800 1635 957 1679 turpius
978 1635 1168 1670 vanitate.
1210 1632 1466 1680 Opificesque

276 1733 416 1758 omnes
450 1721 492 1755 in
527 1716 687 1756 sordida
715 1721 803 1754 arte
834 1721 1068 1762 versantur3
1107 1729 1183 1754 nec
1217 1719 1326 1754 enim
1356 1719 1467 1764 quic-

275 1814 394 1849 quam
416 1803 638 1846 ingenuum
660 1798 810 1835 habere
832 1802 967 1845 potest
987 1798 1152 1836 officina.
1215 1797 1466 1845 Minimeque

273 1887 380 1920 artes
419 1894 491 1919 eae
530 1878 775 1927 probandae,
810 1892 912 1926 quae
950 1880 1158 1916 ministrae
1197 1883 1294 1916 sunt
1328 1877 1466 1926 volup·

273 1968 403 2001 tatum
419 1974 427 1999 :

422 2041 584 2086 celin-ii,
605 2040 714 2085 lanii,
735 2041 866 2085 coqui,
888 2038 1070 2084 fartores,
1091 2039 1308 2084 piscaffiren

390 2101 466 2134 152
