1546 2294
0 1294 129 1363 ξξζῖἴ
192 1315 243 1356 97

0 1715 104 1746 Attius,
118 1716 231 1745 Atreus,

0 1749 152 1781 Ribbeek2‚
164 1749 217 1775 203

571 96 772 137 CICERO
803 97 880 139 DE
910 98 1091 137 OFFICI
1100 99 1147 138 IS

274 178 317 215 in
356 180 466 216 omni
504 181 670 225 virtute,
710 179 819 226 quod
857 180 1004 219 deceat
1018 194 1029 227 ;
1077 181 1186 228 quod
1224 185 1472 230 cogitatione

273 248 402 292 magis
421 259 445 283 a
465 249 616 284 virtute
643 252 781 294 potest
804 261 925 295 quam
951 261 996 286 re
1023 252 1208 296 separari.
1270 249 1329 288 Ut
1349 263 1473 297 venu-

275 318 356 351 stas
391 319 435 352 et
468 313 730 361 pulchritudo
769 318 944 362 corporis
983 319 1140 354 secerni
1169 310 1252 354 non
1280 322 1417 365 potest
1450 312 1475 356 a

273 381 522 429 valetudine,
543 385 599 420 sic
619 382 709 430 hoc,
726 383 778 421 de
799 397 879 430 quo
898 383 1111 430 loquimur,
1128 385 1320 423 decorum
1339 390 1472 424 totum

273 449 375 488 illud
401 450 568 497 quidem
595 456 658 489 est
684 444 777 489 cum
800 454 952 490 virtute
980 452 1207 500 confusum,
1231 452 1304 492 sed
1329 459 1470 492 mente

272 523 316 556 et
335 521 582 565 cogitatione
603 519 879 567 distinguitur.

328 587 404 625 Est
422 592 561 626 autem
582 591 667 626 eius
687 580 919 636 discriptio1
946 589 1119 637 duplex;
1148 604 1244 628 nam
1270 596 1314 629 et
1341 604 1468 638 gene·
1535 608 1538 612 ·

270 655 354 693 rale
385 655 590 702 quoddam
613 655 806 694 decorum
832 656 1123 704 intellegimus,
1144 658 1253 705 quod
1284 661 1327 696 in
1358 662 1467 697 omni

271 723 488 761 honestate
512 728 708 770 versatur,
741 729 784 762 et
815 724 925 762 aliud
956 724 1051 763 huic
1083 718 1325 773 subiectum,
1358 727 1466 774 quod

271 795 454 840 pertinet
472 792 524 830 ad
544 792 722 838 singulas
749 797 885 839 partes
912 792 1148 831 honestatis.
1209 794 1347 841 Atque
1368 794 1468 833 illud

272 863 455 908 superius
491 863 548 898 sic
585 860 670 898 fere
701 860 861 898 definiri
895 860 1019 899 solet:
1058 861 1251 899 decorum
1285 862 1326 900 id
1365 875 1467 910 esse,

272 925 381 972 quod
402 929 722 962 consentaneum
742 927 795 962 sit
814 924 988 962 hominis
1004 925 1272 963 excellentiae
1289 929 1331 964 in
1347 939 1409 973 eo,
1425 929 1467 964 in

272 1003 352 1036 quo
390 994 536 1027 natura
582 991 668 1027 eius
710 1002 733 1026 a
771 988 936 1036 reliquis
982 990 1255 1028 animantibus
1293 990 1463 1029 differat.

273 1054 389 1101 Quae
408 1059 547 1091 autem
566 1067 658 1100 pars
678 1054 860 1091 subiecta
878 1057 1021 1100 generi
1041 1059 1117 1100 est,
1138 1068 1228 1092 eam
1248 1056 1303 1092 sic
1324 1054 1464 1093 defini-

272 1124 361 1165 unt,
393 1123 441 1156 ut
474 1118 516 1155 id
548 1117 740 1156 decorum
772 1118 902 1155 velint
932 1131 1033 1164 esse,
1066 1118 1175 1165 quod
1209 1121 1266 1157 ita
1296 1124 1464 1158 naturae

273 1187 593 1221 consentaneum
613 1185 678 1228 sit,
694 1187 741 1219 ut
760 1185 804 1219 in
824 1195 872 1220 eo
892 1182 1117 1220 moderatio
1137 1187 1181 1221 et
1195 1186 1467 1230 temperantia

273 1251 466 1294 appareat
485 1260 577 1283 cum
597 1249 732 1292 specie
752 1246 925 1292 quadam
945 1246 1112 1284 liberali.

331 1310 526 1348 XXVIII.
561 1311 678 1348 Haec
703 1313 759 1347 ita
786 1310 973 1357 intellegi
1000 1324 1212 1357 possumus
1237 1314 1468 1351 existimare

274 1389 325 1414 ex
353 1389 402 1413 eo
428 1374 589 1420 decoro,
617 1373 727 1420 quod
754 1379 900 1421 poetae
927 1379 1154 1421 sequuntur
1163 1387 1173 1420 ;
1203 1375 1256 1413 de
1284 1389 1364 1423 quo
1390 1376 1469 1416 alio

273 1440 362 1477 loco
388 1439 504 1486 plura
523 1439 604 1476 dici
631 1438 776 1476 solent.
837 1438 919 1477 Sed
939 1431 1053 1476 tum2
1072 1452 1231 1477 servare
1251 1439 1353 1478 illud
1373 1445 1468 1488 poe-

273 1510 348 1550 tas,
383 1503 492 1550 quod
525 1503 684 1549 deceat,
719 1502 903 1548 dicimus,
940 1516 1031 1540 cum
1070 1503 1126 1548 id,
1161 1504 1269 1551 quod
1308 1518 1467 1552 quaque

273 1581 445 1616 persona
471 1567 642 1614 dignum
670 1571 745 1613 est,
768 1571 811 1605 et
837 1566 883 1604 fit
912 1572 955 1605 et
974 1566 1144 1613 dicitur3
1173 1572 1232 1614 ut,
1253 1571 1287 1606 si
1307 1568 1466 1607 Aeacus

272 1638 344 1670 aut
364 1632 498 1669 Minos
517 1631 692 1669 diceret:

382 1721 556 1767 6der1nt,
577 1720 675 1758 dum
695 1722 894 1767 metuant,

267 1817 359 1851 aut:

353 1886 459 1922 natis
480 1882 694 1930 sepulchro
714 1885 800 1930 ipse
822 1884 885 1921 est
904 1896 1063 1931 parens,

335 1985 347 2004 ²
361 1985 544 2027 discriptio
560 1983 583 2016 b
599 1983 710 2021 Edd.;
723 1983 909 2025 descrz’plio
925 1984 957 2015 A
972 1983 999 2015 B
1015 1983 1048 2015 H
1067 1994 1090 2016 a
1103 1995 1112 2022 3
1129 1984 1312 2018 distinctio
1330 1983 1358 2017 L
1373 1995 1405 2019 c·

338 2029 432 2062 ’Sed
445 2033 521 2061 tum
539 2029 567 2060 L
583 2039 614 2066 c,
635 2028 744 2066 Edd.;
760 2028 823 2059 sed
837 2030 879 2059 ut
893 2030 970 2060 tum
986 2027 1019 2060 A
1034 2028 1061 2059 B
1077 2028 1109 2060 H
1131 2028 1162 2059 b.

377 2085 428 2125 98
