1546 2294
164 376 241 416 106

164 1104 241 1142 107
275 1107 277 1110 ’

169 1812 247 1845 108

565 91 765 130 CICERO
798 91 874 130 DE
903 91 1141 132 OFFICIIS

270 176 455 220 erectior,
496 175 677 220 quamvis
715 173 925 220 voluptate
969 177 1163 221 capiatur,
1201 173 1380 212 occultat
1422 178 1468 212 et

272 241 499 279 dissimulat
537 243 768 288 appetitum
806 240 1026 288 voluptatis
1068 246 1234 289 propter
1271 253 1466 279 verecun-

271 309 390 347 diam.

328 377 389 414 Ex
414 391 494 424 quo
518 377 774 424 intellegitur
797 379 971 424 corporis
991 376 1245 424 voluptatem
1268 389 1350 414 non
1370 378 1467 415 satis

272 458 360 483 esse
387 445 553 492 dignam
580 444 754 482 hominis
780 447 1040 492 praestantia,
1065 457 1236 491 eamque
1259 446 1466 482 contemni

271 519 315 552 et
335 516 432 551 reici
453 518 661 560 oportere3
691 516 753 551 sin
769 515 821 551 sit
836 515 1047 560 quispiam,
1064 516 1132 560 qui
1147 512 1300 560 aliquid
1313 512 1468 550 tribuat

270 582 482 629 voluptati,
504 581 726 628 diligenter
745 583 782 618 ei
802 580 1030 618 tenendum
1055 594 1142 619 esse
1164 583 1250 619 eius
1269 580 1466 618 fruendae

268 647 446 688 modum.
509 649 653 696 Itaque
680 651 810 687 victus
838 649 1051 696 cultusque
1079 650 1254 696 corporis
1280 648 1333 686 ad
1359 647 1467 686 vale-

270 715 457 767 tudinem
485 714 686 752 referatur
713 718 756 751 et
782 713 835 751 ad
861 716 980 760 vires,
1007 726 1090 751 non
1119 713 1172 751 ad
1198 713 1463 760 voluptatem.

270 779 410 826 Atque
445 781 569 816 etiam
604 780 636 816 si
670 777 925 815 considerare
958 770 1173 824 volumus,1
1205 790 1309 824 quae
1340 779 1394 815 sit
1422 779 1466 814 in

270 848 416 881 natura
446 842 690 880 excellentia
722 846 765 879 et
796 841 988 888 dignitas,
1017 841 1319 888 intellegemus,
1346 853 1467 888 quam

272 910 325 946 sit
362 912 483 954 turpe
522 905 702 944 diffluere
740 906 898 943 luxuria
933 911 977 943 et
1010 905 1186 943 delicate
1213 918 1261 942 ac
1289 904 1468 942 molliter

272 974 406 1009 vivere
427 983 629 1018 quamque
645 969 860 1008 honestum
876 982 1009 1016 parce,
1025 963 1297 1016 continenter,
1314 981 1467 1016 severe,

273 1036 414 1074 sobrie.

331 1098 663 1146 Intellegendum
693 1100 817 1136 etiam
847 1102 910 1135 est
936 1097 1091 1135 duab'us
1120 1099 1233 1144 quasi
1251 1109 1325 1135 nos
1347 1110 1372 1134 a
1395 1109 1463 1134 na-

274 1170 366 1202 tura
394 1163 558 1201 indutos
586 1176 674 1200 esse
706 1164 908 1209 personis;
938 1175 1107 1208 quarum
1137 1175 1218 1199 una
1244 1163 1468 1199 communis

276 1234 339 1267 est
380 1241 430 1268 ex
465 1240 526 1273 e0,
559 1226 668 1273 quod
702 1239 843 1264 omnes
881 1228 1097 1273 participes
1130 1238 1267 1263 sumus
1304 1227 1470 1263 rationis

276 1294 630 1340 praestantiaeque
651 1293 749 1336 eius,
767 1304 845 1336 qua
868 1289 1150 1327 antecellimus
1174 1290 1328 1336 bestiis,
1347 1303 1372 1326 a
1391 1302 1470 1336 qua

276 1369 396 1394 omne
416 1356 634 1393 honestum
648 1354 920 1400 decorumque
936 1353 1124 1400 trahitur,
1140 1358 1184 1391 et
1204 1366 1254 1391 ex
1275 1366 1354 1400 qua
1368 1355 1472 1391 ratio

277 1419 513 1458 inveniendi
533 1419 648 1457 officii
670 1420 908 1464 exquiritur,
928 1417 1058 1455 altera
1081 1422 1233 1463 autem,
1254 1430 1357 1464 quae
1377 1430 1469 1464 pro-

278 1488 364 1533 prie
403 1483 571 1531 singulis
610 1488 673 1521 est
711 1483 875 1520 tributa.
938 1482 996 1520 Ut
1029 1484 1139 1519 enim
1169 1484 1212 1519 in
1240 1481 1471 1528 corporibus

277 1562 449 1596 magnae
479 1546 827 1586 dissimilitudines
854 1551 949 1583 sunt
976 1537 1092 1591 (alios
1117 1545 1300 1584 videmus
1324 1545 1470 1583 veloci-

277 1619 364 1651 tate
393 1613 444 1650 ad
475 1625 646 1657 cursum,
675 1611 772 1648 alios
799 1611 948 1647 viribus
978 1609 1029 1647 ad
1058 1609 1296 1647 luctandum
1322 1609 1470 1657 valere,

277 1681 459 1723 itemque
479 1680 521 1713 in
542 1676 679 1713 formis
699 1675 786 1712 aliis
806 1674 1050 1720 dignitatem
1075 1676 1220 1721 inesse,
1239 1673 1326 1711 aliis
1346 1686 1471 1712 venu-

278 1733 458 1787 statem),
475 1742 585 1778 sicin
601 1742 743 1776 animis
761 1741 962 1776 exsistunt
976 1741 1146 1775 maiores
1161 1740 1286 1775 etiam
1301 1740 1470 1776 varieta-

279 1812 351 1844 tes.
413 1805 512 1843 Erat
531 1807 573 1841 in
595 1803 638 1841 L.
663 1803 815 1848 Crasso,
836 1805 878 1839 in
899 1802 943 1840 L.
969 1802 1155 1849 Philippo
1174 1801 1326 1839 multus
1346 1801 1471 1849 lepos,

277 1874 403 1908 maior
437 1872 559 1907 etiam
595 1870 803 1914 magisque
839 1866 891 1904 de
919 1866 1117 1903 industria
1148 1869 1190 1903 in
1225 1866 1266 1904 C.
1301 1866 1470 1904 Caesare

322 1981 335 2001 ¹
349 1982 512 2014 volumus
530 1981 558 2011 A
578 1976 619 2010 B¹
639 1975 689 2009 1-1ι
706 1977 747 2015 b;
765 1977 920 2009 volemus
934 1975 978 2007 Β2
995 1973 1057 2015 H²‚
1074 1974 1145 2014 Bt„
1163 1975 1298 2013 Heine3
1315 1975 1468 2008 velimus

279 2028 307 2060 L
321 2039 329 2063 ς
346 2026 515 2057 vellemus
530 2034 561 2056 c.

390 2080 465 2113 108
