1520 2320
543 89 744 129 CICERO
775 89 851 127 DE
881 89 1118 130 OFFICIIS

250 171 479 210 hominibus
492 171 694 219 planeque
708 172 971 219 sapientibus,
982 171 1054 210 sed
1067 185 1161 210 cum
1173 174 1234 219 iis,
1243 174 1286 210 in
1298 172 1444 219 quibus

251 237 454 284 praeclare
474 239 609 283 agitur
629 239 661 274 si
682 241 778 274 sunt
798 235 1009 274 simulacra
1030 239 1203 284 virtutis,
1224 238 1348 275 etiam
1367 237 1444 275 hoc

252 301 577 348 intellegendum
616 305 730 348 puto,
762 303 970 339 neminem
999 304 1164 339 omnino
1190 314 1278 340 esse
1304 301 1445 348 negle-

251 365 446 412 gendum,
467 368 510 403 in
530 379 609 412 quo
629 365 763 412 aliqua
787 364 1026 411 significatio
1054 368 1215 403 virtutis
1237 370 1446 413 appareat,

253 430 470 468 colendum
489 435 629 468 autem
649 442 737 467 esse
757 432 815 467 ita
835 442 1038 476 quemque
1064 432 1252 476 maxime,
1272 434 1320 468 ut
1339 432 1446 477 quis-

253 508 332 542 que
361 497 535 532 maxime
570 494 786 532 virtutibus
813 493 875 531 his
905 493 1125 532 lenioribus
1160 497 1238 532 erit
1268 499 1446 542 ornatus,

253 559 464 605 modestia,
492 561 777 605 temperantia,
805 557 881 595 hae
908 561 1006 605 ipsa,
1027 558 1079 596 de
1107 571 1186 605 qua
1211 557 1340 596 multa
1366 561 1446 596 iam

255 623 364 661 dicta
393 628 500 670 sunt,
521 625 687 661 iustitia.
748 623 854 660 Nam
883 622 997 660 fortis
1024 625 1181 660 animus
1206 627 1250 660 et
1274 635 1446 670 magnus

254 691 295 725 in
315 688 479 725 homine
495 701 578 725 non
597 687 781 734 perfecto
795 700 872 724 nec
893 680 1100 734 sapiente1
1121 687 1342 725 ferventior
1360 686 1447 734 ple-

254 766 424 800 rumque
464 758 539 799 est,
574 752 668 790 illae
707 754 878 790 virtutes
914 752 1065 790 bonum
1097 754 1226 790 virum
1257 751 1448 790 videntur

255 820 388 865 potius
406 820 622 863 attingere.

311 882 450 929 Atque
470 881 571 919 haee
591 884 635 919 in
653 881 842 919 moribus.

173 951 224 988 47
312 946 377 985 De
396 946 672 984 benivolentia
691 951 842 993 autem,
860 959 980 993 quam
996 949 1166 993 quisque
1185 945 1334 984 habeat
1353 959 1450 994 erga

257 1026 344 1059 nos,
364 1015 539 1060 primum
566 1011 669 1049 illud
697 1016 760 1050 est
780 1014 822 1049 in
843 1011 983 1058 officio,
1005 1017 1052 1049 ut
1072 1014 1110 1049 ei
1137 1011 1356 1059 plurimum
1375 1014 1444 1050 tri-

258 1078 439 1120 buamus,
459 1090 482 1114 a
502 1089 582 1123 quo
602 1076 820 1123 plurimum
847 1067 1094 1121 diligamur,2
1114 1075 1187 1114 sed
1214 1075 1444 1114 benivolen-

257 1144 355 1179 tiam
393 1154 475 1178 non
514 1140 911 1178 adulescentulorum
949 1153 1060 1178 more
1098 1140 1240 1178 ardore
1273 1140 1446 1187 quodam

256 1207 414 1253 amoris,
430 1205 503 1244 sed
518 1205 741 1243 stabilitate
757 1207 890 1252 potius
907 1209 950 1242 et
965 1207 1193 1242 constantia
1212 1203 1445 1242 iudicemus.

258 1271 330 1309 Sin
350 1274 472 1308 erunt
489 1272 648 1316 merita,
668 1274 715 1306 ut
741 1282 824 1306 non
850 1268 1043 1315 ineunda,
1063 1268 1135 1306 sed
1162 1268 1377 1306 referenda
1396 1271 1450 1307 sit

257 1337 400 1382 gratia,
420 1336 547 1371 maior
569 1333 769 1380 quaedam
796 1346 891 1370 cura
916 1332 1150 1370 adhibenda
1177 1337 1260 1378 est3
1291 1332 1448 1370 nullum

258 1402 368 1438 enim
397 1398 570 1437 officium
603 1397 820 1435 referenda
852 1399 982 1444 gratia
1015 1399 1143 1444 magis
1176 1399 1448 1435 necessarium

257 1469 332 1503 est.

174 1533 226 1568 48
313 1527 468 1576 Quodsi
485 1540 544 1574 ea,
561 1539 664 1574 quae
679 1526 834 1564 utenda
848 1528 1066 1573 acceperis,
1081 1528 1231 1564 maiore
1246 1538 1447 1572 mensura,

34 1605 88 1639 Op.
102 1602 220 1632 349-351
251 1596 283 1632 si
301 1592 422 1631 modo
456 1594 595 1640 possis,
629 1591 744 1629 iubet
782 1590 954 1628 reddere
995 1590 1215 1637 Hesiodus,
1245 1589 1439 1637 quidnam

257 1656 454 1696 beneficio
473 1658 678 1704 provocati
698 1654 831 1693 faeere
852 1655 1075 1692 debemus?
1094 1668 1146 1692 an
1162 1657 1310 1692 imitari
1330 1667 1446 1701 agros

258 1721 426 1768 fertiles,
453 1723 523 1768 qui
549 1719 679 1757 multo
706 1719 797 1766 plus
825 1718 1000 1757 efferunt
1027 1732 1148 1766 quam
1174 1719 1446 1766 acceperunt?

258 1787 423 1826 Etenim
452 1788 485 1823 si
511 1787 555 1822 in
584 1797 665 1831 eos,
695 1797 795 1831 quos
822 1796 1029 1831 speramus
1058 1784 1174 1821 nobis
1203 1782 1447 1830 profuturos,

257 1864 339 1889 non
369 1849 601 1888 dubitamus
632 1847 759 1886 officia
785 1847 983 1894 conferre,
1012 1847 1151 1894 quales
1183 1849 1226 1885 in
1258 1859 1326 1885 eos
1359 1859 1447 1884 esse

255 1915 465 1962 debemus,
482 1916 551 1962 qui
563 1916 643 1951 iam
662 1911 928 1960 profuerunt?
957 1911 1062 1950 Nam
1082 1924 1175 1949 cum
1194 1910 1276 1949 duo
1293 1923 1446 1958 genera

411 1988 589 2030 'sapiente
606 1986 710 2018 MSS.
722 1997 730 2023 ;
741 1986 902 2028 sapienti
916 1985 1155 2026 Wesenberg,
1177 1985 1232 2017 Bt.

410 2030 425 2051 ²
437 2032 637 2074 diligamur
650 2030 681 2062 A
696 2028 739 2062 Β2
756 2030 790 2061 Η
810 2030 838 2061 L
855 2030 877 2061 b
890 2040 927 2068 c;
944 2029 1136 2071 dilzjgimur
1152 2027 1206 2068 13¹,
1226 2027 1294 2062 Bt¹.

367 2087 420 2122 50
