1520 2320
191 634 240 669 58

197 1524 248 1564 59

563 124 764 163 CICERO
795 124 871 162 DE
900 124 1007 163 OFF
1009 124 1082 163 ICI
1090 124 1136 164 IS

270 222 366 255 sunt
391 220 596 264 parentes,
617 218 698 253 cari
725 215 857 262 liberi,
884 217 1114 262 propinqui,
1134 214 1365 262 familiares,
1386 213 1460 254 sed

270 298 410 323 omnes
441 286 622 322 omnium
653 286 842 322 caritates
873 285 1003 330 patria
1032 296 1113 320 una
1143 283 1354 331 complexa
1385 288 1461 330 est,

271 367 343 401 pro
370 367 449 401 qua
475 355 563 400 quis
590 353 720 391 bonus
748 352 912 390 dubitet
938 356 1124 391 mortem«
1139 356 1349 400 oppetere,
1369 354 1403 390 si
1423 353 1463 390 ei

271 426 324 462 sit
349 422 606 470 profuturus?
666 420 758 468 Quo
786 425 850 459 est
878 420 1159 458 detestabilior
1187 423 1358 459 istorum
1387 422 1462 458 im-

270 494 456 537 manitas,
473 493 542 537 qui
560 489 790 528 lacerarunt
810 491 920 527 omni
941 488 1094 527 scelere
1109 491 1282 536 patriam
1298 493 1342 528 et
1356 491 1400 527 in
1415 501 1463 528 ea

271 559 455 598 funditus
475 558 653 597 delenda
671 560 857 605 occupati
879 562 922 596 et
942 562 1038 595 sunt
1059 562 1102 596 et
1122 557 1300 596 fuerunt.

327 628 409 668 Sed
429 630 462 666 si
482 630 692 666 contentio
712 626 912 674 quaedam
932 631 976 664 et
1003 629 1247 673 comparatio
1270 625 1353 673 fiat,
1374 628 1460 673 qui-

271 699 346 736 bus
374 697 593 745 plurimum
621 695 884 734 tribuendum
913 698 966 733 sit
995 695 1124 742 officii,
1151 697 1353 742 principes
1381 697 1460 733 sint

271 769 401 815 patria
430 770 474 804 et
499 769 702 813 parentes,
724 777 894 811 quorum
922 763 1127 802 beneficiis
1153 765 1336 802 maximis
1363 762 1461 802 obli-

271 838 357 883 gati
369 847 519 881 sumus,
528 835 698 881 proximi
711 832 828 870 liberi
841 837 1008 879 totaque
1022 831 1178 879 domus,
1191 845 1294 879 quae
1307 836 1464 880 spectat

271 907 314 942 in
333 917 406 941 nos
427 902 529 941 solos
549 915 684 948 neque
704 901 815 939 aliud
836 900 963 938 ullum
987 905 1125 947 potest
1151 899 1302 939 habere
1328 899 1464 948 perfu-

271 976 397 1020 gium,
427 971 620 1018 deinceps
650 970 756 1008 bene
791 971 1081 1007 convenientes
1112 971 1340 1016 propinqui,
1375 971 1463 1017 qui-

272 1043 441 1080 buscum
461 1041 684 1077 communis
705 1040 829 1076 etiam
849 1037 1011 1075 fortuna
1030 1037 1269 1084 plerumque
1290 1042 1363 1076 est.

328 1109 462 1156 Quam
481 1108 533 1145 ob
552 1120 639 1145 rem
658 1108 884 1144 necessaria
909 1105 1108 1152 praesidia
1127 1108 1234 1144 vitae
1261 1105 1464 1144 debentur

274 1181 321 1216 iis
358 1179 546 1222 maxime,
578 1188 677 1222 quos
708 1180 804 1212 ante
837 1174 933 1220 dixi,
966 1177 1049 1212 vita
1081 1179 1219 1212 autem
1253 1176 1461 1222 victusque

275 1247 511 1290 communis,
531 1242 709 1288 consilia,
726 1255 943 1288 sermoneS,
961 1241 1272 1290 cohortationes,
1288 1242 1454 1282 console,

275 1318 421 1360 tiones,
451 1311 659 1350 interdum
698 1313 821 1348 etiam
860 1311 1161 1357 obiurgationes
1199 1313 1243 1348 in
1280 1313 1468 1350 amicitiis

276 1386 418 1430 vigent
429 1383 618 1426 maxime,
631 1384 774 1426 estque
787 1392 835 1417 ea
847 1378 1133 1417 iucundissima
1146 1381 1336 1426 amicitia,
1349 1393 1468 1427 quam

277 1449 498 1490 simiiitudo
517 1461 675 1486 morum
695 1450 938 1494 coniugavit.

332 1517 487 1557 XVIII.
532 1516 613 1555 Sed
651 1518 694 1553 in
732 1515 795 1554 his
837 1516 1023 1554 omnibus
1065 1515 1202 1554 officiis
1239 1516 1466 1555 tribuendis

277 1586 498 1626 videndum
525 1588 615 1631 erit,
643 1584 741 1631 quid
768 1586 912 1630 cuique
939 1586 1112 1622 maxime
1139 1597 1306 1623 necesse
1332 1587 1398 1632 sit,
1425 1589 1468 1624 et

277 1655 374 1704 quid
401 1657 571 1702 quisque
598 1652 663 1691 vel
690 1655 776 1690 sine
804 1653 919 1691 nobis
945 1657 1017 1690 aut
1040 1655 1166 1700 possit
1185 1655 1377 1700 consequi
1396 1658 1468 1692 aut

277 1738 360 1763 non
394 1725 529 1771 possit.
592 1720 656 1760 Ita
693 1734 776 1758 non
811 1720 935 1758 iidem
969 1725 1090 1758 erunt
1122 1721 1468 1760 necessitudinum

278 1792 438 1840 gradus,
473 1792 543 1838 qui
575 1794 826 1836 temporum;
861 1794 1036 1835 suntque
1073 1789 1211 1836 officia,
1246 1802 1350 1836 quae
1382 1789 1470 1829 aliis

278 1863 406 1908 magis
426 1872 546 1907 quam
565 1857 652 1895 aliis
673 1857 920 1902 debeantur3
951 1861 997 1894 ut
1016 1859 1193 1894 vicinum
1219 1859 1337 1896 citius
1357 1858 1470 1897 adiu-

278 1933 381 1968 veris
401 1931 443 1966 in
463 1927 660 1965 fructibus
681 1925 951 1972 percipiendis
976 1939 1096 1972 quarn
1122 1929 1193 1963 aut
1213 1925 1379 1964 fratrem
1399 1931 1470 1966 aut

279 2060 447 2100 aAntony
464 2057 536 2090 and
553 2057 608 2089 his
624 2055 839 2089 associates.
924 2053 1101 2094 bCaesar,
1117 2054 1279 2096 Clodius,
1296 2055 1463 2089 Catiline.

390 2109 442 2149 60
