1520 2320
183 311 234 345 23

210 1155 262 1187 24«

207 1627 258 1662 25

586 107 787 146 CICERO
817 107 893 146 DE
922 107 1159 148 OFFICIIS

291 179 454 227 piendo,
487 184 576 218 tum
606 180 773 227 artibus,
805 185 895 219 tum
926 194 1061 229 opera,
1097 186 1187 220 tum
1221 181 1483 220 facultatibus

291 243 496 283 devincire
516 244 727 283 hominum
747 248 855 284 inter
874 245 1059 284 homines
1079 249 1327 284 societatem.

323 307 653 347 Fundamentum
691 314 830 347 autem
869 314 932 348 est
970 312 1150 349 iustitiae
1189 310 1304 358 fides,
1337 309 1380 349 id
1419 314 1484 349 est

293 371 495 410 dictorum
543 378 917 422 conventorumque
965 376 1194 413 constantia
1241 379 1286 413 et
1322 377 1481 413 veritas.

293 436 355 474 Ex
384 449 478 484 quo,
498 450 741 485 quamquam
770 437 847 476 hoc
875 438 1081 476 videbitur
1110 438 1280 478 fortasse
1310 441 1484 487 cuipiam

292 500 442 548 durius,
463 506 603 540 tamen
622 502 843 540 audeamus
863 505 1012 541 imitari
1032 503 1202 550 Stoicos,
1215 506 1285 551 qui
1304 503 1484 542 studiose

292 568 524 613 exquirunt,
541 567 651 605 unde
671 567 794 605 verba
813 570 897 605 sint
916 567 1052 615 ducta,
1069 568 1374 616 credamusque,
1391 570 1485 616 quia

293 629 375 677 fiat,
396 630 505 678 quod
525 631 681 669 dictum
702 636 778 678 est,
799 631 1046 679 appellatam
1065 631 1198 671 fidem.

347 694 429 734 Sed
454 698 678 734 iniustitiae
697 708 850 743 genera
869 695 950 734 duo
969 701 1078 744 sunt,
1098 709 1225 735 unum
1245 710 1398 745 eorum,
1417 698 1487 744 qui

292 759 487 807 inferunt,
507 760 683 799 alterum
703 774 855 808 eorum,
876 763 945 808 qui
968 762 1020 799 ab
1048 764 1109 809 iis,
1129 762 1274 809 quibus
1300 761 1487 808 infertur,

292 826 325 862 si
344 829 525 871 possunt,
542 837 625 862 non
644 824 882 871 propulsant
899 827 1096 863 iniuriam.
1129 825 1235 863 Nam
1251 828 1319 872 qui
1338 827 1488 863 iniuste

293 890 492 935 impetum
507 891 550 926 in
565 891 796 936 quempiam
812 888 910 926 facit
928 894 1000 928 aut
1014 892 1072 927 ira
1087 894 1158 927 aut
1177 889 1310 936 aliqua
1329 894 1488 937 pertur-

294 953 456 991 batione
471 955 677 1000 incitatus,
692 955 725 991 is
741 956 854 1000 quasi
869 967 1011 992 manus
1026 953 1168 992 afferre
1183 954 1346 992 videtur
1360 956 1488 1000 socio;

292 1019 361 1064 qui
373 1022 512 1056 autem
523 1030 606 1056 non
619 1017 809 1056 defendit
820 1031 897 1056 nec
910 1019 1082 1066 obsistit,
1096 1021 1129 1057 si
1141 1023 1291 1066 potest,
1303 1020 1486 1066 iniuriae,

290 1090 376 1123 tam
407 1090 470 1124 est
499 1087 543 1123 in
568 1088 680 1132 vitio,
701 1098 822 1133 quam
855 1089 888 1124 si
918 1091 1108 1134 parentes
1139 1091 1211 1124 aut
1240 1089 1388 1125 amicos
1415 1091 1487 1124 aut

291 1153 463 1197 patriam
483 1150 654 1188 deserat.
715 1150 854 1197 Atque
874 1150 967 1189 illae
989 1151 1155 1198 quidem
1178 1153 1361 1198 iniuriae,
1382 1163 1486 1198 quae

291 1214 466 1252 nocendi
493 1227 610 1252 causa
630 1214 683 1252 de
702 1214 901 1252 industria
926 1214 1170 1262 inferuntur,
1191 1228 1311 1263 saepe
1330 1229 1354 1253 a
1373 1219 1486 1253 metu

291 1282 611 1329 proficiscuntur,
627 1295 719 1320 cum
734 1285 780 1330 is,
797 1285 866 1330 qui
885 1296 1033 1321 nocere
1048 1283 1166 1321 alteri
1186 1286 1352 1331 cogitat,
1368 1286 1489 1322 timet

290 1363 357 1397 ne,
377 1353 455 1388 nisi
483 1350 526 1388 id
555 1349 712 1397 fecerit,
732 1353 819 1398 ipse
845 1350 980 1398 aliquo
1007 1351 1200 1390 afficiatur
1219 1351 1485 1390 incommodo.

292 1419 512 1456 Maximam
535 1424 674 1457 autem
700 1423 859 1466 partem
881 1419 934 1457 ad
957 1421 1143 1457 iniuriam
1170 1419 1398 1458 faciendam
1417 1432 1487 1467 ag-

289 1487 544 1534 grediuntur,
565 1492 613 1525 ut
641 1486 916 1534 adipiscantur
939 1500 999 1534 ea,
1021 1501 1124 1534 quae
1145 1490 1486 1535 concupiverunt;

288 1557 331 1593 in
352 1569 431 1603 quo
451 1558 550 1594 vitio
569 1555 763 1593 latissime
783 1560 899 1603 patet
918 1558 1093 1594 avaritia.

344 1623 459 1662 VIII.
493 1624 754 1671 Expetuntur
792 1628 929 1661 autem
969 1624 1134 1662 divitiae
1174 1637 1266 1662 cum
1299 1624 1351 1663 ad
1389 1638 1483 1664 usus

288 1695 395 1731 vitae
434 1695 692 1739 necessarios,
727 1697 817 1730 tum
854 1692 906 1730 ad
945 1692 1210 1740 perfruendas
1239 1693 1478 1741 voluptates.

290 1760 336 1798 In
368 1761 512 1808 quibus
542 1765 680 1798 autem
709 1763 835 1798 maior
865 1765 928 1799 est
950 1764 1119 1809 animus,
1145 1764 1188 1799 in
1213 1764 1260 1800 iis
1286 1765 1483 1810 pecuniae

287 1829 486 1877 cupiditas
520 1833 679 1876 spectat
709 1828 760 1866 ad
793 1842 889 1876 opes
921 1834 965 1867 et
995 1829 1047 1868 ad
1076 1829 1329 1876 gratificandi
1358 1829 1483 1868 facul-

289 1903 430 1945 tatem,
469 1903 516 1936 ut
555 1911 685 1945 nuper
725 1897 780 1935 M.
814 1898 975 1936 Crassus
1014 1898 1192 1944 negabat
1229 1898 1353 1936 ullam
1386 1901 1482 1937 satis

330 1996 407 2029 aOf
426 2007 565 2034 course,
587 1997 595 2012 ‘
610 1994 708 2037 good
726 1994 831 2026 saith·
849 1995 922 2026 and
941 1997 949 2012 ‘
965 1994 1070 2027 made
1087 1995 1204 2036 good'
1224 1997 1315 2028 have
1334 1994 1413 2039 just
1435 2006 1478 2028 as

286 2040 377 2073 little
393 2040 651 2083 etymological
667 2038 877 2071 connection
894 2039 1023 2081 asflat
1037 2039 1110 2071 and
1119 2039 1245 2082 fidem.

397 2096 450 2129 24
