1546 2294
47 1885 69 1913 Ν

75 1895 107 1913 o.

45 1920 135 1948 lound
146 1920 176 1947 in

46 1962 98 1981 our

46 1988 188 2015 «ristona.

246 1005 297 1044 56

625 99 826 138 CICERO
856 99 933 137 DE
961 99 1198 138 OFFICIIS

330 178 528 217 referatur
543 178 594 218 ad
610 178 834 218 facultates.
876 179 1055 218 Omnino
1066 183 1298 219 meminisse
1313 179 1522 227 debemus,

330 254 371 292 id
403 254 512 302 quod
542 269 566 293 a
596 258 756 307 nostris¹
773 255 1004 294 hominibus
1031 258 1262 304 saepissime
1289 260 1525 304 usurpatum

330 334 410 369 iam
437 334 479 370 in
502 333 704 380 proverbii
730 332 1068 371 consuetudinem
1088 335 1214 380 venit,
1235 322 1526 380 “largitionem

331 408 504 446 fundum
519 422 601 446 non
617 408 768 447 habere
778 408 817 455 ”3
838 411 993 447 etenim
1009 411 1097 456 quis
1113 413 1250 456 potest
1264 408 1407 447 modus
1423 399 1526 454 esse,

329 498 422 523 cum
456 489 500 523 et
537 484 661 532 idern,
700 487 769 531 qui
808 489 1069 532 consuerunt,
1100 489 1144 523 et
1176 484 1287 523 idem
1320 483 1422 523 illud
1454 471 1523 522 alii

329 561 588 600 desiderent?

384 637 493 675 XVI.
527 638 707 677 Omnino
727 637 808 676 duo
828 642 924 676 sunt
943 651 1096 685 genera
1115 637 1332 684 largorum,
1352 650 1522 684 quorum

327 714 447 753 alteri
471 714 644 761 prodigi,
665 714 783 752 alteri
810 714 1020 752 liberales:
1042 714 1214 761 prodigi,
1234 716 1304 761 qui
1327 713 1457 761 epulis
1481 717 1526 751 et

330 787 662 825 viscerationibus
695 791 739 825 et
769 787 1040 834 gladiatorum
1065 787 1314 834 muneribus,
1338 785 1526 824 ludorum

329 862 673 907 venationumque
694 864 890 907 apparatu
910 862 1102 907 pecunias
1122 858 1377 906 profundunt
1395 861 1436 907 in
1458 871 1526 896 eas

328 946 418 980 res„
445 946 616 980 quarum
655 935 891 970 memoriam
929 936 1001 970 aut
1048 932 1214 970 brevem
1251 936 1323 970 aut
1370 930 1518 969 nullan:

327 1008 492 1043 omnino
512 1007 595 1043 sint
614 1004 808 1052 relicturi,
829 1004 1017 1043 liberales
1033 1009 1184 1051 autem,
1206 1006 1275 1051 qui
1295 1006 1376 1042 suis
1395 1002 1520 1041 facul-

330 1078 480 1116 tatibus
512 1083 583 1116 aut
615 1083 753 1124 captos
779 1091 803 1115 a
826 1076 1098 1124 praedonibus
1125 1076 1332 1114 redimunt
1359 1080 1430 1114 aut
1452 1088 1520 1114 aes

328 1150 506 1189 alienum
526 1153 752 1197 suscipiunt
771 1152 990 1188 amicorum
1010 1154 1081 1187 aut
1101 1151 1142 1186 in
1164 1149 1332 1187 filiarum
1353 1148 1520 1186 colloca-

330 1224 442 1261 tione
467 1222 661 1260 adiuvant
684 1226 756 1260 aut
782 1221 1036 1268 opitulantur
1062 1223 1105 1259 in
1131 1234 1175 1260 re
1201 1220 1266 1259 vel
1292 1219 1525 1268 quaerenda

227 1287 320 1342 (56)
341 1295 404 1333 vel
420 1294 618 1341 augenda.
682 1293 826 1341 Itaque
846 1296 981 1340 miror,
995 1293 1093 1340 quid
1109 1296 1151 1331 in
1171 1298 1354 1331 mentem
1368 1294 1528 1332 venerit

331 1366 613 1415 Theophrasto
633 1369 675 1404 in
696 1379 744 1404 eo
763 1366 880 1412 libro,
896 1379 1017 1412 quem
1033 1365 1085 1403 de
1106 1365 1256 1403 divitiis
1276 1367 1455 1413 scripsit;
1483 1366 1525 1403 in

330 1454 411 1488 quo
430 1439 559 1478 multa
579 1439 797 1486 praeclare,
817 1438 918 1476 illud
939 1438 1131 1476 absurde:
1162 1443 1226 1476 est
1245 1440 1355 1476 enim
1374 1437 1527 1476 multus

331 1517 371 1551 in
393 1512 595 1550 laudanda
614 1511 915 1558 magnificentia
935 1515 978 1548 et
992 1513 1252 1562 apparatione
1272 1509 1524 1558 popularium

330 1597 546 1624 munerum
569 1583 794 1630 taliumque
821 1587 1056 1629 sumptuum
1081 1581 1319 1620 facultatem
1345 1581 1523 1620 fructum

330 1658 562 1696 divitiarum
589 1659 718 1702 putat.
780 1654 883 1692 Mihi
911 1659 1049 1692 autem
1074 1654 1143 1692 ille
1168 1636 1323 1692 fructus
1349 1653 1523 1692 liberali-

329 1732 439 1776 tatis,
471 1731 583 1767 cuius
618 1741 745 1775 pauca
780 1726 967 1774 exempla
1001 1729 1128 1774 posui,
1160 1725 1290 1764 multo
1323 1730 1367 1765 et
1400 1729 1525 1764 maior

330 1802 492 1841 videtur
511 1806 556 1839 et
576 1803 733 1839 certior.

387 1874 551 1923 Quanto
584 1873 827 1911 Aristoteles
860 1874 1020 1920 gravius
1051 1876 1095 1910 et
1126 1874 1258 1910 verius
1284 1885 1357 1910 nos
1388 1884 1523 1919 repre-

328 1948 493 1987 hendit!
524 1948 592 1994 qui
621 1946 693 1984 has
717 1948 977 1993 pecuniarum
1005 1944 1217 1983 effusiones
1241 1957 1324 1983 non
1347 1944 1518 1983 admire-

327 2035 430 2067 mur,
450 2033 553 2114 quge
578 2019 681 2057 fiunt
706 2018 757 2057 ad
781 2017 1087 2056 multitudinem
1114 2016 1398 2056 deliniendam.
1452 2016 1517 2055 Ait

440 2080 492 2114 29.
