1546 2294
169 571 220 606 82

549 79 750 120 CICERO
781 79 859 118 DE
889 78 962 119 OF
964 79 996 117 F
998 79 1126 120 ICIIS

252 159 375 208 Quod
402 161 553 208 igitur?
582 173 849 210 possumusne
876 165 949 199 aut
977 160 1092 199 illum
1123 161 1299 204 Marium
1322 165 1452 202 virum

254 229 407 267 bonum
435 228 614 267 iudicare
644 234 716 267 aut
744 218 896 267 hunc¹?
955 227 1124 276 Explica
1153 234 1277 277 atque
1307 222 1455 269 excute

252 295 581 342 intellegentiam
593 301 721 343 tuam,
736 301 783 334 ut
798 295 948 342 videas,
962 308 1065 342 quae
1078 298 1186 334 sitin
1199 309 1247 334 ea
1262 284 1455 344 [species]

252 356 398 402 forma2
414 368 458 402 et
472 367 585 402 notio
600 366 673 402 viri
690 364 797 402 boni,
850 363 969 401 Cadit
985 376 1082 410 ergo
1097 366 1140 402 in
1155 366 1286 402 virum
1300 364 1453 404 bonum

251 434 417 469 mentiri
438 431 706 470 emolumenti
729 434 791 469 sui
818 443 950 478 causa,
970 433 1186 479 criminari,
1204 435 1451 480 praeripere,

251 499 418 537 fallere?
477 499 591 536 Nihil
611 498 796 546 profecto
816 501 960 536 minus.

307 567 382 605 Est
401 580 499 613 ergo
519 567 602 605 ulla
621 579 686 605 res
706 569 812 604 tanti
838 571 910 604 aut
935 565 1193 605 commodum
1216 566 1346 605 ullum
1365 572 1450 606 tam

250 634 542 682 expetendum,
562 640 611 673 ut
638 637 713 672 viri
741 634 838 672 boni
867 638 911 672 et
939 633 1199 681 splendorem
1227 640 1272 674 et
1299 648 1451 674 nomen

250 703 443 741 amittas?
501 702 613 750 Quid
651 708 727 749 est,
767 702 876 749 quod
914 701 1057 740 afferre
1095 707 1258 741 tantum
1295 703 1452 742 utilitas

250 770 340 814 ista,
371 780 474 815 quae
504 767 666 814 dicitur,
695 769 837 814 possit,
867 772 1066 813 quantum
1095 766 1269 814 auferre,
1292 771 1325 806 si
1355 768 1451 806 boni

252 834 326 870 viri
346 844 497 869 nornen
519 834 726 878 eripuerit,
750 830 873 868 fidem
892 833 1170 878 iustitiamque
1195 831 1449 870 detraxerit?

251 895 362 944 Quid
389 898 499 934 enim
526 898 712 942 interest,
733 900 870 932 utrum
901 907 952 933 ex
979 894 1144 933 homine
1168 908 1212 934 se
1239 900 1451 934 convertat

251 962 340 1007 quis
360 963 403 997 in
423 959 587 998 beluam
600 973 653 997 an
673 959 848 997 hominis
869 958 996 1006 figura
1015 961 1313 998 immanitatem
1331 965 1450 1008 gerat

251 1024 396 1063 beluae
410 1025 424 1062 ?

308 1089 420 1126 XXI.
455 1087 596 1136 Quid?
631 1090 699 1135 qui
729 1090 865 1125 omnia
892 1091 1005 1125 recta
1034 1092 1078 1125 et
1105 1086 1278 1126 honesta
1306 1087 1448 1136 negle-

253 1158 372 1200 gunt,
403 1153 501 1191 dum
539 1152 661 1190 modo
699 1154 926 1199 potentiam
966 1156 1277 1198 consequantur,
1311 1165 1450 1192 nonne

255 1217 366 1255 idem
399 1216 568 1263 faciunt,
599 1216 708 1263 quod
743 1218 789 1262 is,
819 1218 889 1262 qui
919 1218 1043 1253 etiam
1072 1228 1256 1254 socerum
1299 1215 1452 1256 habere

255 1281 384 1319 voluit
404 1294 511 1327 eum,
533 1283 646 1318 cuius
665 1283 752 1327 ipse
772 1279 941 1317 audacia
967 1284 1114 1326 potens
1142 1280 1280 1318 esset?
1340 1281 1455 1320 Utile

257 1347 295 1384 ei
333 1345 548 1383 videbatur
586 1344 806 1391 plurimum
844 1356 961 1390 posse
993 1343 1159 1382 alterius
1198 1344 1374 1391 invidia3
1412 1345 1456 1384 id

257 1422 377 1457 quam
397 1411 593 1446 iniustum
622 1410 666 1445 in
692 1410 865 1455 patriam
885 1412 929 1445 et
948 1420 1070 1454 quam
1089 1411 1209 1454 turpe
1230 1413 1351 1455 esset,
1371 1422 1455 1447 non

256 1474 431 1511 videbat.
493 1472 586 1520 Ipse
615 1477 753 1510 autem
786 1484 900 1510 socer
925 1474 968 1509 in
997 1484 1066 1509 ore
1093 1484 1254 1519 semper
1278 1472 1454 1512 Graecos

257 1551 394 1576 versus
414 1537 467 1575 de
489 1537 719 1574 Phoenissis
740 1535 931 1582 habebat,
946 1549 1047 1584 quos
1067 1535 1213 1582 dicam,
1229 1541 1276 1574 ut
1294 1542 1451 1586 potero,

255 1601 463 1640 incondite
484 1600 666 1647 fortasse,
683 1599 755 1638 sed
776 1604 927 1647 tamen,
944 1604 991 1637 ut
1010 1612 1073 1637 res
1093 1602 1220 1647 possit
1237 1600 1452 1649 intellegi:

304 1698 396 1732 ¹aut
409 1698 508 1730 hunc
521 1709 553 1736 c,
573 1698 683 1734 Edd.;
700 1700 808 1739 atque
823 1697 922 1729 hunc
937 1697 964 1728 B
983 1696 1017 1728 H
1035 1707 1058 1729 a
1075 1696 1107 1729 b.

303 1742 366 1775 ²ea
378 1743 508 1784 species
513 1743 639 1784 forma
657 1742 684 1772 B
703 1741 736 1772 H
756 1752 779 1772 a
796 1741 836 1778 b;
852 1751 895 1773 ea
910 1741 1023 1783 specie
1027 1741 1154 1783 forma
1170 1751 1190 1773 c
1205 1751 1249 1783 p;
1266 1751 1308 1774 ea
1313 1742 1451 1784 fhrma,

260 1789 380 1826 Klotz,
402 1786 529 1825 Heine,
551 1786 635 1824 Ed.;
652 1796 694 1818 ea
708 1785 849 1827 species,
871 1785 927 1817 Bt.

302 1922 504 1962 ⁸Pompey‚
523 1920 606 1951 who
631 1919 665 1951 in
690 1929 732 1961 59
749 1917 906 1950 married
931 1917 1106 1950 Caesar's
1131 1917 1317 1959 daughter
1338 1917 1446 1960 julia,

257 1970 408 2007 twenty·
395 1964 492 1996 -four
516 1974 627 2006 years
655 1963 712 1996 his
739 1962 871 2005 junior,
899 1962 972 1994 and
1004 1961 1156 2004 already
1186 1962 1379 1994 betrothed
1408 1966 1448 1996 to

254 2009 405 2051 Caepio.

363 2063 442 2096 354
