1546 2294
565 135 766 174 CICERO
798 135 874 173 DE
903 135 1140 175 OFFICIIS

0 210 146 243 *b‘d‘¹²‘·’‘⁶
267 217 503 255 indecorum
533 217 752 262 videretur,
773 216 882 263 quod
910 230 978 255 eos
1005 216 1130 255 fuisse
1155 219 1282 255 iustos
1309 218 1466 263 accepi-

272 303 381 334 mus;
410 295 453 327 at
473 290 602 327 Atreo
622 289 787 327 dicente
815 288 977 336 plausus
998 291 1250 334 excitantur3
1271 293 1335 332 est
1355 290 1465 326 enim

273 363 398 409 digna
430 376 601 409 persona
632 364 770 399 oratio.
832 362 914 400 Sed
946 366 1106 408 poetae,
1137 360 1236 408 quid
1263 373 1467 408 quemque

274 435 432 481 deceat,
461 448 510 472 ex
538 447 709 481 persona
736 434 994 478 iudicabunt3
1024 418 1140 471 nobis
1166 438 1306 472 autem
1333 445 1471 480 perso-

273 521 366 545 nam
397 509 589 554 imposuit
620 509 705 553 ipsa
737 511 882 544 natura
913 519 1060 552 magna
1093 519 1186 543 cum
1221 505 1467 543 excellentia

275 582 603 627 praestantiaque
623 581 892 616 animantium
913 570 1188 624 reliquarum.¹

193 657 245 697 98
333 651 531 699 Quocirca
559 656 702 698 poetae
728 654 770 688 in
796 664 944 697 magna
971 654 1168 688 varietate
1193 663 1469 698 personarum,

280 729 404 764 etiam
431 727 582 762 vitiosis
610 724 707 771 quid
735 726 950 761 conveniat
978 728 1022 761 et
1048 723 1146 770 quid
1173 723 1331 769 deceat,
1358 722 1470 760 vide-

280 800 396 844 bunt,
417 798 532 835 nobis
552 802 690 834 autem
710 810 802 834 cum
823 810 846 833 a
872 801 1017 833 natura
1044 799 1310 842 constantiae,
1332 794 1472 833 mode·

279 873 458 916 rationis,
474 872 786 916 temperantiae,
803 868 1071 907 verecundiae
1091 873 1226 916 partes
1242 868 1361 906 datae
1378 870 1478 913 sint,

281 956 454 990 cumque
475 942 618 980 eadem
646 947 791 980 natura
818 941 964 979 doceat
988 954 1070 979 non
1097 940 1332 987 neglegere,
1353 953 1475 987 quem

280 1016 332 1054 ad
352 1015 518 1053 modum
544 1028 617 1053 nos
644 1015 835 1052 adversus
862 1014 1046 1052 homines
1071 1026 1272 1060 geramus,
1293 1013 1476 1059 efficitur,

281 1094 329 1127 ut
358 1094 401 1126 et
431 1088 545 1134 illud,
575 1087 683 1134 quod
713 1087 765 1124 ad
794 1100 958 1124 omnem
988 1086 1245 1124 honestatem
1280 1087 1476 1132 pertinet,

284 1162 475 1199 decorum
497 1174 618 1207 quam
637 1159 720 1198 late
741 1159 875 1197 fusum
896 1162 961 1205 sit,
983 1163 1177 1206 appareat
1197 1163 1242 1196 et
1261 1157 1351 1204 hoc,
1368 1157 1476 1205 quod

284 1239 491 1281 spectatur
517 1236 559 1270 in
587 1247 668 1270 uno
695 1245 855 1279 quoque
882 1245 1035 1278 genere
1055 1233 1226 1269 virtutis.
1289 1231 1349 1270 Ut
1368 1233 1477 1268 enim

284 1305 545 1354 pulchritudo
566 1307 741 1352 corporis
760 1309 856 1351 apta
883 1306 1174 1350 compositione
1202 1303 1479 1341 membrorum

285 1383 423 1416 movet
454 1377 590 1415 oculos
624 1381 668 1414 et
699 1376 880 1414 delectat
911 1376 988 1413 hoc
1019 1378 1120 1422 ipso,
1152 1374 1262 1422 quod
1297 1378 1405 1413 inter
1435 1387 1480 1414 se

286 1463 426 1489 omnes
454 1455 588 1497 partes
620 1462 712 1486 cum
744 1448 921 1495 quodam
951 1447 1090 1494 lepore
1121 1450 1397 1493 consentiunt,
1424 1449 1482 1484 sic

289 1523 365 1560 hoc
397 1522 602 1567 decorum,
634 1520 743 1567 quod
771 1520 906 1558 elucet
933 1522 976 1557 in
1002 1522 1097 1566 vita,
1118 1524 1255 1556 movet
1286 1519 1481 1566 approba-

289 1599 443 1633 tionem
477 1607 629 1640 eorum,
666 1593 904 1639 quibuscum
939 1594 1099 1638 vivitur,
1134 1591 1275 1630 ordine
1310 1596 1354 1629 et
1387 1604 1481 1630 con-

288 1670 438 1706 stantia
477 1671 521 1704 et
559 1665 838 1703 moderatione
877 1664 1079 1702 dictorum
1126 1666 1309 1702 omnium
1356 1668 1481 1711 atque

289 1740 497 1777 factorum.

205 1817 258 1857 99
303 1842 305 1844 .
345 1810 594 1850 Adhibenda
621 1815 685 1848 est
710 1812 836 1856 igitur
862 1809 1061 1856 quaedam
1088 1811 1316 1847 reverentia
1341 1809 1482 1847 adver-

287 1898 353 1923 sus
372 1884 557 1921 homines
578 1888 621 1920 et
640 1885 783 1929 optimi
804 1884 997 1928 cuiusque
1015 1886 1058 1919 et
1073 1881 1331 1928 reliquorum.
1379 1881 1482 1919 Nam

286 1956 521 2003 neglegere,
535 1955 632 2002 quid
645 1955 697 1992 de
711 1967 754 1992 se
767 1957 936 2001 quisque
953 1957 1116 2000 sentiat,
1134 1966 1215 1991 non
1230 1951 1359 1991 solum
1375 1966 1482 1990 arro-

430 2054 442 2076 ¹
457 2056 677 2098 reliquarum
694 2053 741 2086 A¹
756 2054 794 2086 13·
813 2053 845 2085 Η
864 2064 886 2085 a
900 2053 941 2090 b;
963 2054 1178 2095 reliquorum
1196 2051 1241 2085 Απ
1254 2051 1298 2085 13²
1312 2062 1343 2086 c.
1386 2061 1389 2063 ’

401 2113 414 2144 l
426 2112 480 2144 00
