1546 2294
262 429 288 471 9

242 1450 293 1484 10

609 122 809 162 CICERO
840 121 916 161 DE
945 122 1182 162 OFFICIIS

315 208 518 256 praeclara
533 213 795 255 pepererunt,
811 213 950 247 tamen
970 208 1071 247 haec
1090 213 1228 247 nostra
1248 209 1418 248 finitima
1437 221 1506 248 ve·

317 284 409 319 stris
431 284 571 328 ignota
592 294 679 319 esse
700 281 822 319 nolui.

373 353 454 392 Sed
475 356 554 391 iam
574 353 626 391 ad
645 356 835 392 instituta
855 367 1080 400 pergamus.

375 426 451 464 III.
485 426 677 474 Quinque
715 429 840 473 igitur
879 428 1101 465 rationibus
1141 430 1355 481 propositis
1393 410 1510 466 officii

318 483 603 548 persequendi,
625 513 793 546 quarum
814 499 917 537 duae
938 500 990 537 ad
1017 499 1140 542 decu's
1156 483 1510 557 “honestatemque

320 565 589 620 pertinerent,
617 571 721 610 duae
752 571 1047 614 adcommoda
1078 575 1198 620 vitae,
1226 576 1373 621 copias,
1400 585 1511 620 opes,

321 645 550 691 facultates,
579 647 723 691 quinta
756 644 809 683 ad
829 643 1023 691 'eligendi
1054 645 1260 693 iudicium,
1287 648 1320 684 si
1349 645 1512 702 quando

321 732 380 765 ea,
396 731 499 765 quae
519 717 616 764 dixi,
632 730 814 764 pugnare
834 720 942 755 inter
959 711 1004 756 'se
1025 718 1272 766 viderentur,
1288 717 1513 758 honestatis

321 805 410 841 pars
430 790 617 828 confecta
636 795 711 837 est,
726 804 846 837 quam
867 790 1031 837 quidem
1052 791 1126 828 tibi
1147 794 1265 838 cupio
1285 780 1372 830 esse
1388 794 1512 830 notis·

320 867 471 902 simam.

380 937 471 974 Hoc
502 941 654 983 autem,
682 935 733 973 de
765 949 844 982 quo
877 949 985 973 nunc
1017 939 1186 983 agimus,
1214 936 1255 974 id
1279 939 1410 984 ipsum
1437 926 1513 984 est,

320 1008 429 1056 quod
445 999 613 1047 “utile''
631 1008 869 1055 appellatur.
904 1008 951 1045 In
973 1022 1052 1056 quo
1073 1009 1195 1047 verbo
1214 1009 1325 1056 lapsa
1345 995 1507 1059 consue}

322 1081 421 1120 tudo
452 1081 620 1119 deflexit
650 1081 701 1119 de
734 1084 796 1118 via
827 1083 1057 1128 sensimque
1084 1094 1133 1119 eo
1160 1081 1337 1119 deducta
1362 1087 1439 1128 est,
1466 1087 1511 1120 ut

323 1154 579 1192 honestatem
605 1154 656 1191 ab
683 1153 860 1191 utilitate
888 1141 1103 1192 secernens
1130 1157 1398 1193 constitueret
1423 1158 1511 1193 esse
1544 1140 1546 1143 V

322 1227 539 1265 honestum
572 1226 738 1273 aliquid,
771 1226 879 1273 quod
914 1226 1014 1264 utile
1053 1239 1136 1264 non
1171 1231 1291 1274 esset,
1322 1232 1367 1266 et
1397 1227 1511 1275 utile,

321 1299 430 1347 quod
458 1312 540 1337 non
568 1298 800 1345 honestum,
822 1312 900 1345 qua
927 1298 1039 1335 nulla
1066 1301 1265 1346 pernicies
1291 1302 1417 1338 maior
1443 1299 1511 1338 ho-

320 1375 476 1410 minum
497 1374 603 1409 vitae
625 1373 758 1418 potuit
777 1370 919 1408 afferri.

379 1444 544 1484 Summa
565 1443 730 1490 quidem
750 1445 992 1481 auctoritate
1010 1443 1238 1491 philosophi
1258 1456 1398 1483 severe
1418 1457 1513 1484 sane

320 1523 444 1564 atque
464 1516 636 1555 honeste
657 1515 757 1554 haec
778 1518 855 1553 tria
874 1529 1026 1562 genera
1052 1508 1239 1555 confusa¹
1266 1519 1513 1564 cogitatione

321 1590 589 1636 distinguunt.
623 1579 846 1635 [Quicquid
859 1591 966 1626 enim
983 1591 1134 1626 iustum
1150 1588 1264 1634 sit,id
1275 1591 1398 1627 etiam
1409 1589 1511 1629 utile

320 1675 408 1701 esse
424 1667 607 1708 censent,
629 1664 810 1708 itemque
830 1660 939 1707 quod
959 1660 1190 1708 honestum,
1210 1661 1319 1699 idem
1339 1664 1511 1709 iustum3

321 1749 370 1774 ex
391 1748 471 1782 quo
491 1734 673 1780 efficitur,
696 1738 754 1779 ut,
775 1733 967 1780 quicquid
994 1733 1210 1772 honestum
1236 1736 1302 1781 sit,
1322 1734 1431 1772 idem
1457 1738 1511 1774 sit

322 1797 453 1854 utile]
466 1798 483 1823 ²
541 1806 661 1854 Quod
677 1808 746 1853 qui
762 1819 902 1853 parum
919 1808 1180 1853 perspiciunt,
1196 1808 1224 1844 ii
1239 1819 1358 1854 saepe
1374 1820 1509 1846 versu-

378 1883 486 1916 ¹haec
496 1884 570 1916 tria
579 1893 714 1925 genera
726 1883 876 1924 confusa
894 1882 921 1914 B
941 1882 975 1914 H
993 1893 1016 1914 a
1029 1882 1063 1921 b,
1084 1881 1169 1921 Bm,
1190 1883 1320 1921 Heineg
1337 1883 1424 1916 haec
1434 1884 1508 1916 tria

355 1939 454 1961 encre
470 1927 618 1978 confusa
633 1937 665 1966 c,
686 1925 775 1965 Bm,
798 1926 942 1964 Miiller3
960 1926 1047 1958 haec
1061 1926 1134 1958 tria
1144 1937 1291 1969 genera,
1308 1937 1344 1959 re
1359 1928 1507 1970 confusa

331 1971 664 2092 'QFQliflejqqutgge-r·
683 2014 734 2046 sit
750 2014 837 2046 utile
860 2013 1059 2045 bracketed
1084 2013 1131 2056 by
1151 2013 1290 2056 Unger,
1312 2013 1398 2054 Bt.²‚
1418 2015 1507 2047 Mei!-

343 2071 393 2099 er,
460 2070 548 2091 enne.
625 2073 627 2078 ’

431 2108 509 2153 176
