1546 2294
100 493 162 525 ΗΟ
222 491 272 524 50

223 1432 268 1466 51

594 81 795 122 CICERO
825 83 902 122 DE
931 83 1169 125 OFFICIIS

300 168 464 202 auctore
498 163 678 202 Aristide
716 164 1043 211 repudiaverunt.
1104 165 1253 204 Melius
1289 164 1333 204 hi
1370 179 1491 214 quam

301 241 387 274 nos,
407 230 476 275 qui
495 230 645 275 piratas
664 231 878 277 immunes,
899 232 1026 268 socios
1045 229 1265 278 vectigales
1283 229 1489 270 habemus.

357 292 452 331 XII.
485 293 653 331 Maneat
665 306 776 340 ergo,
785 293 894 341 quod
905 298 1025 342 turpe
1039 297 1104 342 sit,
1117 294 1160 333 id
1171 308 1394 343 numquam
1406 308 1494 334 esse

303 357 416 405 utile,
431 370 486 396 ne
505 362 595 396 tum
614 357 793 405 quidem,
811 371 903 396 cum
923 358 979 406 id,
1001 359 1110 406 quod
1130 372 1218 398 esse
1238 359 1340 398 utile
1360 364 1493 408 putes,

302 421 545 469 adipiscare3
574 421 652 460 hoc
673 425 782 461 enim
797 425 942 471 ipsum,
959 423 1060 462 utile
1076 428 1234 471 putare,
1249 424 1359 472 quod
1373 429 1492 473 turpe

303 489 370 534 sit,
390 486 668 524 calamitosum
698 491 771 525 est.
832 487 915 526 Sed
942 487 1143 535 incidunt,
1172 483 1368 537 utsupra
1395 488 1492 536 dixi,

300 564 421 598 saepe
442 564 598 598 causae,
615 564 708 589 cum
722 564 951 599 repugnare
966 551 1121 591 utilitas
1135 551 1342 592 honestati
1355 553 1491 592 videa-

301 621 380 663 tur,
408 620 456 654 ut
482 615 890 654 animadvertendum
917 619 984 664 sit,
1007 622 1266 665 repugnetne
1291 617 1413 666 plane
1439 631 1491 656 an

302 683 429 728 possit
458 693 551 718 cum
581 679 798 719 honestate
829 683 1031 728 coniungi.
1093 681 1191 721 Eius
1220 684 1384 730 generis
1414 682 1491 721 hae

301 750 397 784 sunt
426 747 705 792 quaestiones:
734 747 767 783 si
797 745 974 793 exempli
1002 748 1133 793 gratia
1159 748 1220 785 vir
1245 746 1374 786 bonus
1397 746 1494 786 Ale-

302 809 480 848 xandrea
512 809 701 847 Rhodum
729 823 924 857 magnum
952 810 1149 849 frumenti
1182 824 1397 850 numerum
1424 811 1495 850 ad-

301 876 459 913 vexerit
497 876 540 912 in
582 873 830 912 Rhodiorum
869 877 1005 922 inopia
1039 879 1083 914 et
1116 875 1224 914 fame
1258 889 1494 924 summaque

301 951 487 977 annonae
522 941 705 986 caritate,
735 941 769 977 si
803 938 915 978 idem
948 942 1048 978 sciat
1082 940 1309 988 complures
1339 953 1492 979 merca-

302 1009 410 1042 tores
426 998 685 1042 Alexandrea
700 1003 864 1042 solvisse
879 1017 1082 1051 navesque
1097 1007 1141 1042 in
1156 1017 1272 1044 cursu
1286 1003 1492 1044 frumento

303 1073 466 1107 onustas
494 1073 685 1115 petentes
714 1067 902 1106 Rhodum
930 1068 1090 1116 viderit,
1110 1069 1345 1108 dicturusne
1370 1071 1424 1108 sit
1449 1069 1490 1108 id

306 1128 470 1166 Rhodiis
490 1141 542 1166 an
561 1127 725 1166 silentio
751 1141 868 1166 suum
894 1141 1015 1176 quam
1041 1128 1214 1176 plurimo
1239 1128 1487 1168 venditurus.

304 1188 541 1235 Sapientem
573 1192 617 1226 et
646 1188 796 1225 bonum
826 1190 956 1226 virum
986 1188 1194 1235 fingimus3
1223 1187 1276 1227 de
1305 1191 1391 1227 eius
1420 1188 1492 1227 de-

305 1248 544 1286 liberatione
565 1252 610 1285 et
629 1247 927 1285 consultatione
948 1250 1190 1295 quaerimus,
1206 1250 1275 1296 qui
1291 1247 1493 1287 celaturus

306 1307 482 1346 Rhodios
504 1320 587 1345 non
613 1310 679 1354 sit,
699 1309 732 1346 si
758 1306 800 1345 id
820 1311 939 1355 turpe
959 1307 1127 1355 iudicet,
1147 1307 1220 1346 sed
1246 1307 1423 1356 dubitet,
1443 1321 1493 1346 an

306 1373 424 1415 turpe
443 1379 526 1404 non
541 1369 604 1405 sit.

363 1427 411 1464 In
445 1426 564 1464 huius
597 1426 708 1464 modi
747 1428 876 1464 causis
914 1426 1025 1465 aliud
1061 1426 1238 1474 Diogeni
1273 1426 1494 1474 Babylonio

306 1487 431 1525 videri
451 1486 568 1533 solet,
589 1499 737 1534 magno
758 1491 802 1524 et
824 1489 936 1533 gravi
960 1485 1110 1533 Stoico,
1130 1485 1241 1525 aliud
1260 1485 1491 1534 Antipatro,

305 1546 503 1594 discipulo
523 1548 622 1593 eius,
643 1545 797 1584 homini
817 1548 1059 1584 acutissimo.
1119 1545 1339 1594 Antipatro
1358 1547 1492 1584 omnia

304 1605 598 1654 patefacienda,
633 1610 681 1643 ut
718 1618 771 1644 ne
810 1605 908 1652 quid
946 1607 1124 1652 omnino,
1158 1605 1267 1653 quod
1305 1604 1493 1644 venditor

349 1717 365 1736 8
379 1712 456 1743 The
474 1710 626 1743 Cilician
642 1710 778 1752 pirates
795 1710 868 1742 had
884 1710 974 1742 been
995 1707 1150 1742 crushed
1170 1708 1219 1752 by
1242 1709 1401 1751 Pompey
1421 1706 1495 1740 and

306 1756 437 1788 settled
460 1760 498 1788 at
523 1755 595 1787 Soli
619 1753 929 1796 (Pompeiopolis).
989 1753 1092 1796 They
1119 1752 1300 1795 gathered
1326 1751 1494 1794 strength

306 1801 419 1842 again
436 1799 569 1840 during
586 1799 646 1830 the
663 1798 898 1830 distractions
914 1797 955 1830 of
967 1797 1027 1829 the
1043 1797 1123 1830 civil
1140 1807 1249 1836 wars,
1264 1796 1336 1829 and
1349 1796 1495 1838 Antony

308 1845 337 1876 is
354 1855 442 1876 even
461 1843 542 1875 said
565 1847 602 1875 to
624 1843 716 1875 have
740 1843 877 1884 sought
902 1841 995 1874 their
1016 1841 1078 1874 aid
1102 1841 1136 1873 in
1161 1841 1221 1873 the
1244 1850 1322 1874 war
1343 1839 1494 1883 against

308 1889 439 1920 Brutus
455 1887 527 1920 and
545 1887 710 1920 Cassius.

349 1932 551 1964 Marseilles
567 1930 640 1963 and
657 1930 758 1972 King
772 1929 967 1962 Deiotarus
979 1928 1022 1961 of
1028 1927 1199 1960 Armenia
1210 1927 1281 1960 had
1294 1926 1492 1970 supported

307 1977 467 2017 Pompey
499 1975 571 2007 and
603 1975 637 2007 in
669 1984 917 2016 consequence
957 1983 1050 2005 were
1089 1972 1195 2004 made
1234 1971 1412 2014 tributary
1442 1970 1492 2014 by

304 2020 476 2053 Caesar's
500 2023 618 2061 party.

413 2075 490 2108 318
