1520 2320
166 403 185 438 1

628 327 795 367 LIBER
826 329 1037 370 PRIMUS

277 399 307 437 I.
341 399 596 448 Quamquam
612 406 667 448 te,
682 402 819 440 Marce
837 402 904 449 fili,
917 417 1068 441 annum
1081 407 1161 442 iam
1174 404 1408 444 audientem

219 472 468 520 Cratippum,
495 473 619 520 idque
647 473 836 522 Athenis,
863 475 1070 515 abundare
1102 482 1264 524 oportet
1294 491 1409 525 prae-

218 547 346 592 ceptis
366 548 646 593 institutisque
665 547 943 595 philosophiae
963 554 1130 596 propter
1149 563 1346 588 summam
1367 556 1410 589 et

217 617 393 657 doctoris
407 622 693 658 auctoritatem
708 625 751 659 et
771 621 892 667 urbis,
910 634 1079 668 quorum
1099 622 1203 660 alter
1217 628 1261 661 te
1280 625 1409 662 scien-

219 693 276 728 tia
295 704 446 738 augere
466 697 617 739 potest,
637 692 765 731 altera
785 694 994 741 exemplis,
1015 699 1168 742 tamen,
1185 700 1232 734 ut
1251 698 1337 743 ipse
1357 696 1408 735 ad

218 777 351 801 meam
363 764 585 803 utilitatem
597 778 759 813 semper
774 779 865 804 cum
881 767 1045 806 Graecis
1059 767 1205 806 Latina
1220 771 1409 807 coniunxi

215 849 350 882 neque
371 837 414 875 id
439 839 483 875 in
502 837 757 885 philosophia
777 839 918 886 solum,
940 840 1013 878 sed
1040 843 1164 879 etiam
1182 844 1226 879 in
1245 841 1408 880 dicendi

217 912 509 948 exercitatione
529 910 620 957 feci,
637 911 748 950 idem
763 912 839 951 tibi
854 925 1001 951 censeo
1015 912 1260 961 faciendum,
1276 919 1323 952 ut
1337 928 1409 962 par

214 984 267 1020 sis
297 985 340 1019 in
366 985 576 1030 utriusque
604 987 794 1023 orationis
821 983 1028 1024 facultate.
1079 985 1213 1033 Quam
1243 987 1408 1034 quidem

214 1053 267 1092 ad
285 1067 373 1093 rem
386 1069 473 1102 nos,
487 1060 534 1094 ut
546 1054 743 1104 videmur,
755 1071 949 1105 magnum
967 1058 1178 1098 attulimus
1196 1059 1405 1098 adiumen-

215 1132 304 1165 tum
342 1127 572 1167 hominibus
603 1132 764 1177 nostris,
796 1135 844 1168 ut
881 1144 964 1168 non
1002 1131 1123 1170 modo
1162 1131 1407 1171 Graecarum

215 1199 443 1239 litterarum
481 1201 615 1248 rudes,
651 1201 723 1241 sed
763 1205 887 1241 etiam
908 1192 1036 1243 ,docti
1074 1204 1327 1251 aliquantum
1363 1218 1407 1244 se

213 1273 463 1311 arbitrentur
481 1273 652 1321 adeptos
673 1279 716 1313 et
735 1274 787 1314 ad
814 1268 1057 1314 dicendum1
1078 1281 1122 1316 et
1147 1277 1199 1316 ad
1226 1277 1406 1316 iudican-

161 1353 166 1358 ’
213 1344 321 1383 dum.

270 1416 403 1464 Quam
427 1418 479 1456 ob
502 1432 590 1457 rem
609 1419 739 1458 disces
765 1425 811 1458 tu
832 1420 998 1467 quidem
1024 1435 1048 1459 a
1075 1424 1258 1470 principe
1285 1422 1404 1462 huius

211 1493 356 1529 aetatis
375 1491 719 1540 philosophorum,
736 1497 779 1531 et
794 1492 936 1541 disces,
949 1507 1070 1541 quam
1085 1494 1155 1533 diu
1170 1495 1300 1542 voles3
1319 1500 1404 1534 tam

212 1563 282 1601 diu
301 1569 439 1602 autem
454 1565 558 1603 velle
575 1565 756 1613 debebis,
769 1566 902 1613 quoad
921 1571 977 1614 te,
992 1572 1189 1614 quantum
1208 1568 1403 1616 proficias,

210 1648 293 1673 non
313 1637 559 1683 paenitebit;
583 1637 656 1676 sed
671 1643 809 1677 tamen
824 1643 961 1677 nostra
975 1639 1117 1687 legens
1131 1653 1214 1678 non
1229 1640 1402 1679 multum

210 1721 234 1745 a
255 1707 534 1756 Peripateticis
554 1710 804 1758 dissidentia,
821 1715 1010 1758 quoniam
1030 1715 1191 1760 utrique
1211 1713 1403 1752 Socratici

210 1785 255 1819 et
286 1780 481 1820 Platonici
507 1782 691 1822 volumus
718 1797 819 1831 esse,
844 1784 896 1823 de
922 1785 1043 1824 rebus
1066 1788 1161 1833 ipsis
1187 1791 1304 1825 utere
1330 1791 1402 1825 tuo

210 1853 357 1892 iudicio
376 1846 496 1900 (nihil
521 1859 630 1893 enim
654 1848 862 1904 impedio),
884 1860 1107 1896 orationem
1129 1863 1268 1897 autem
1291 1858 1401 1897 Lati-

210 1988 219 2019 l
254 1943 457 2030 ¹difenc)lum
493 1946 602 1986 Edd.;
633 1947 839 1979 discendum
871 1947 974 1981 MSS.
1007 1948 1082 1991 (i.e.
1115 1949 1333 1991 acquisition
1362 1948 1406 1982 of

222 1998 376 2030 earnmg
393 2012 400 2021 .

319 2044 343 2077 2
