1520 2320
223 826 274 867 39

222 1612 275 1645 40

599 103 798 142 CICERO
830 103 906 141 DE
935 103 1137 142 OFFICII
1145 103 1171 142 S

359 189 495 229 Vosne
517 189 617 228 velit
635 203 688 227 an
707 202 774 227 me
794 201 965 236 regnare
986 202 1067 236 era,
1087 187 1236 236 quidve
1256 187 1364 227 ferat
1384 187 1494 235 Fors,

360 289 523 327 Virtute
540 290 804 335 experiamur.
866 286 921 325 Et
935 286 1012 324 hoc
1028 286 1146 325 simul
1162 289 1300 334 accipe
1317 285 1494 324 dictum:

360 385 543 434 Quorum
563 377 720 423 virtutil
741 385 839 423 belli
860 384 1023 423 fortuna
1042 386 1239 432 pepercit,

359 483 594 522 Eorundem
613 482 795 520 libertati
815 495 881 520 me
902 494 1067 529 parcere
1088 486 1246 519 certum
1267 486 1339 520 est.

359 581 492 628 Dono,
513 581 666 627 ducite,
689 581 822 628 doque
844 580 1074 618 volentibus
1098 593 1191 618 cum
1210 583 1368 627 magnis
1387 579 1460 619 dis.

305 723 466 770 Regalis
487 735 583 761 sane
605 726 648 760 et
669 721 793 768 digna
814 721 1084 759 Aeacidarum
1103 733 1257 768 genere
1278 722 1495 759 sententia.

359 821 478 860 XIII.
519 821 659 868 Atque
699 823 822 858 etiam
861 822 894 858 si
933 819 1031 867 quid
1065 818 1215 866 singuli
1249 819 1499 866 temporibus

303 920 470 959 adducti
494 920 601 958 hosti
625 921 911 967 promiserunt,
936 923 1000 956 est
1022 920 1066 956 in
1090 931 1139 956 eo
1162 920 1250 965 ipso
1273 917 1372 956 fides
1401 929 1495 955 con-

302 1018 511 1065 servanda,
539 1022 586 1056 ut
614 1019 744 1064 primo
776 1016 927 1054 Punico
956 1015 1065 1054 bello
1096 1015 1275 1063 Regulus
1304 1020 1445 1063 captus
1471 1028 1496 1053 a

306 1117 450 1155 Poenis
470 1129 562 1154 cum
582 1115 634 1153 de
655 1117 823 1161 captivis
844 1113 1140 1151 commutandis
1167 1113 1334 1151 Romam
1354 1115 1496 1152 missus

304 1219 413 1253 esset
442 1217 696 1260 iurassetque
728 1225 770 1250 se
802 1211 1042 1258 rediturum,
1074 1213 1262 1259 primum,
1295 1216 1342 1249 ut
1371 1213 1496 1258 venit,

305 1315 482 1360 captivos
514 1310 745 1349 reddendos
775 1312 819 1348 in
850 1314 994 1348 senatu
1023 1322 1106 1347 non
1135 1311 1307 1356 censuit,
1334 1308 1498 1355 deinde,

305 1423 398 1448 cum
416 1411 664 1447 retineretur
678 1421 702 1445 a
716 1409 951 1454 propinquis
972 1411 1015 1444 et
1034 1406 1085 1444 ab
1104 1408 1255 1452 amicis,
1275 1405 1327 1443 ad
1346 1405 1498 1453 suppli-

305 1511 412 1546 cium
431 1506 565 1545 redire
585 1505 729 1543 maluit
749 1518 869 1552 quam
889 1504 1011 1542 fidem
1031 1503 1138 1542 hosti
1162 1502 1299 1541 datam
1323 1502 1474 1542 fallere.

361 1597 567 1652 [Secundo
608 1608 747 1641 autem
787 1602 938 1640 Punico
972 1601 1080 1640 bello
1114 1606 1206 1649 post
1240 1601 1495 1640 Cannensem

305 1716 484 1752 pugnam
522 1715 621 1749 quos
660 1701 804 1739 decem
850 1699 1058 1738 Hannibal
1102 1699 1269 1737 Romam
1313 1701 1498 1738 astrictos

306 1803 416 1840 misit
446 1803 532 1838 iure
563 1798 733 1837 iurando
765 1811 808 1836 se
839 1797 1040 1836 redituros
1071 1810 1172 1844 esse,
1202 1780 1278 1835 nisi
1308 1796 1360 1835 de
1390 1797 1496 1836 redi-

306 1898 465 1937 mendis
486 1901 545 1945 iis,
567 1899 635 1944 qui
660 1899 767 1944 capti
792 1900 921 1943 erant,
942 1899 1241 1943 impetrassent,
1262 1908 1330 1934 eos
1356 1907 1497 1934 omnes

350 2040 504 2073 'virtute'
517 2040 548 2072 A
568 2037 610 2071 13²
628 2039 654 2071 L
671 2050 701 2078 e,
718 2038 828 2077 Edd.;
848 2039 982 2071 virtute
1001 2038 1038 2069 Β1
1059 2037 1093 2070 H
1111 2036 1153 2076 b;
1170 2037 1323 2070 vr'rtulei
1337 2037 1488 2073 Vahlen.

416 2097 467 2129 42
