1520 2320
569 132 770 171 CICERO
802 131 878 170 DE
908 131 1145 171 OFFICIIS

277 220 321 254 et
351 217 410 253 vir
442 219 486 253 et
516 217 749 262 imperator,
778 216 820 252 in
853 212 1128 252 exscindenda
1160 212 1382 251 Numantia
1411 214 1470 250 rei

278 283 464 332 publicae
498 282 652 331 profuit
686 296 806 330 quam
843 282 988 321 eodem
1022 287 1208 329 tempore
1251 281 1291 319 P.
1326 281 1472 320 Nasica

278 355 470 400 privatus,
492 365 584 390 cum
614 351 673 389 Ti.
708 350 938 389 Gracchum
970 353 1201 394 interemit;
1230 362 1473 397 quamquam

277 421 378 459 haec
398 421 564 468 quidem
584 433 648 458 res
668 433 751 457 non
771 419 901 458 solum
920 432 971 457 ex
991 418 1214 457 domestica
1233 422 1297 456 est
1315 420 1472 456 ratione

276 481 464 537 (attingit
478 492 601 527 etiam
614 488 814 535 bellicam,
825 490 1014 535 quoniam
1022 490 1061 525 vi
1073 500 1276 534 manuque
1286 485 1471 524 confecta

277 551 372 606 est),
393 558 465 597 sed
488 564 628 596 tamen
648 558 690 596 id
711 560 843 604 ipsum
863 562 926 595 est
945 561 1108 604 gestum
1129 555 1296 594 consilio
1315 555 1468 594 urbano

275 630 361 665 sine
382 630 576 665 exercitu.

23 685 138 754 {395⁶
197 699 246 738 77
336 695 444 734 Illud
464 700 603 734 autem
619 698 818 742 optimum
834 699 909 741 est,
925 697 968 732 in
984 692 1094 741 quod
1113 692 1248 731 invadi
1268 692 1397 731 solere
1417 691 1468 730 ab

23 755 90 788 ὡς’
103 762 134 782 ¹¹¹
274 765 466 812 improbis
488 769 531 802 et
550 764 696 802 invidis
715 763 855 802 audio:

359 845 553 893 “Cedant
571 867 682 892 arma
701 859 836 900 togae,
858 852 1057 891 concedat
1075 852 1213 891 laurea
1232 851 1380 890 laudi.”

277 946 336 985 Ut
363 947 473 984 enim
493 944 591 982 alios
611 946 811 990 omittam,
832 946 948 981 nobis
975 956 1062 981 rem
1089 941 1292 990 publicam
1317 941 1465 988 guber-

274 1015 464 1052 nantibus
490 1026 628 1051 nonne
652 1017 773 1059 togae
799 1025 910 1049 arma
937 1011 1172 1049 cesserunt?
1201 1023 1335 1058 neque
1355 1012 1463 1048 enim

273 1081 496 1130 periculum
522 1084 565 1118 in
595 1094 639 1119 re
673 1080 834 1128 publica
863 1079 942 1117 fuit
974 1081 1134 1126 gravius
1162 1091 1354 1125 umquam
1386 1090 1464 1116 nec

272 1154 400 1189 maius
420 1153 557 1188 otium.
609 1149 673 1187 Ita
692 1148 867 1187 consiliis
887 1147 1182 1194 diligentiaque
1201 1151 1339 1185 nostra
1357 1145 1460 1184 cele-

272 1222 371 1258 riter
409 1218 461 1258 de
499 1219 684 1256 manibus
722 1217 1077 1255 audacissimorum
1115 1217 1262 1253 civium
1299 1213 1464 1262 delapsa

271 1302 381 1326 arma
395 1290 481 1335 ipsa
496 1286 742 1325 ceciderunt.
785 1284 900 1332 Quae
916 1298 980 1322 res
999 1287 1125 1331 igitur
1138 1288 1255 1330 gesta
1274 1295 1464 1330 umquam

191 1361 241 1399 78
272 1360 316 1395 in
349 1356 457 1395 bello
484 1356 625 1394 tanta?
666 1356 735 1402 qui
769 1353 999 1401 triumphus
1034 1351 1330 1390 conferendus?
1367 1350 1466 1389 licet

272 1424 383 1460 enirn
401 1420 515 1467 mihi,
530 1420 586 1458 M.
602 1419 671 1466 fili,
687 1418 796 1466 apud
816 1423 859 1456 te
879 1417 1054 1464 gloriari,
1071 1416 1124 1455 ad
1143 1429 1265 1463 quem
1285 1420 1329 1454 et
1347 1414 1464 1454 here-

274 1486 379 1524 ditas
417 1485 536 1523 huius
570 1484 722 1531 gloriae
755 1488 798 1521 et
829 1482 1028 1520 factorum
1060 1483 1234 1519 imitatio
1268 1483 1459 1528 pertinet.

272 1550 376 1589 Mihi
408 1549 574 1597 quidem
606 1553 717 1586 certe
747 1550 807 1585 vir
835 1545 1045 1584 abundans
1076 1544 1231 1583 bellicis
1261 1543 1461 1590 laudibus,

271 1615 341 1653 Cn.
378 1614 604 1661 Pompeius,
637 1612 775 1650 multis
815 1610 1073 1648 audientibus
1107 1608 1184 1647 hoc
1223 1609 1380 1655 tribuit,
1412 1613 1460 1647 ut

270 1679 427 1718 diceret
452 1678 601 1715 frustra
621 1690 664 1715 se
684 1675 937 1722 triumphum
963 1676 1131 1712 tertium
1152 1673 1458 1720 deportaturum

271 1743 405 1790 fuisse,
426 1744 503 1780 nisi
530 1754 621 1780 meo
648 1744 691 1778 in
718 1754 803 1778 rem
832 1738 1035 1787 publicam
1061 1737 1272 1783 beneficio,
1291 1737 1362 1775 ubi
1387 1738 1459 1775 tri-

271 1807 497 1855 umpharet,
518 1811 626 1844 esset
646 1805 866 1843 habiturus.

323 1872 427 1911 Sunt
454 1873 579 1918 igitur
599 1870 845 1908 domesticae
866 1867 1126 1906 fortitudines
1146 1879 1229 1904 non
1247 1865 1457 1904 inferiores

309 1977 409 2026 aThe
419 1975 562 2026 praises
572 1973 614 2005 of
625 1972 755 2004 Cicero
765 1971 821 2002 for
833 1971 887 2002 his
900 1970 1104 2002 overthrow
1116 1968 1158 2000 of
1169 1969 1227 2000 the
1240 1968 1454 2020 conspiracy

266 2020 557 2095 Oqul'ahtchl‘airels
573 2061 614 2093 of
634 2061 691 2092 the
709 2059 930 2100 triumphant
947 2057 1108 2099 general.

374 2119 424 2155 78
