1546 2294
197 776 270 817 161

591 115 792 157 CICERO
824 116 900 155 DE
928 117 1166 157 OFFICIIS

298 210 378 244 que
413 203 607 245 sequetur
637 199 891 237 considerata
924 202 1050 245 actim
1093 202 1151 237 ita
1189 199 1247 247 fit,
1281 204 1329 238 ut
1365 211 1488 247 agere

301 262 554 301 considerate
576 263 700 310 pluris
721 266 774 301 sit
794 276 914 310 quam
936 266 1115 311 cogitare
1135 254 1408 311 prudenter.]¹

359 326 498 374 Atque
530 326 631 366 haec
659 327 824 374 quidem
855 327 1063 366 hactenus.
1126 327 1357 366 Patefactus
1383 330 1492 366 enim

302 390 413 429 loeus
449 396 512 430 est
550 394 650 439 ipse,
682 397 729 430 ut
767 405 851 430 non
883 390 1045 430 difficile·
1081 395 1134 430 sit
1167 388 1210 430 in
1244 389 1495 442 exquirendo

303 456 442 502 officio,
476 455 574 503 quid
608 458 753 504 cuique
785 459 839 495 sit
869 456 1216 504 praeponendum,
1235 449 1393 504 vvidere.
1445 456 1493 494 In

303 522 389 567 ipsa
415 525 553 559 autem
574 523 866 559 communitate
895 525 990 559 sunt
1016 520 1166 568 gradus
1192 521 1423 568 officiorum,
1443 533 1494 570 ex

303 585 461 631 quibus,
497 585 596 632 quid
635 587 780 632 cuique
820 589 1014 633 praestet,
1050 585 1237 632 intellegi
1276 587 1415 633 possit,
1446 589 1494 624 ut

302 652 431 696 prima
444 649 505 687 dis
518 649 825 697 immortalibus,
838 649 1016 688 secunda
1031 652 1199 697 patriae,
1211 651 1334 687 tertia
1349 662 1493 697 paren-

304 714 425 760 tibus,
447 713 641 761 deinceps
660 714 862 761 gradatim
883 714 1047 761 reliquis
1067 714 1306 752 debeantur.

362 777 520 825 Quibus
565 792 615 816 ex
658 779 778 817 rebus
826 779 1004 816 breviter
1049 778 1264 826 disputatis
1308 777 1495 825 intellegi

304 847 441 889 potest
461 856 543 880 non
564 842 692 881 solum
713 842 755 881 id
784 842 969 881 homines
998 842 1129 881 solere
1149 842 1349 890 dubitare,
1369 842 1497 880 hone-

305 912 468 945 stumne
503 920 556 944 an
589 912 710 954 turpe
745 910 810 954 sit,
838 907 911 946 sed
941 909 1066 945 etiam
1095 906 1252 945 duobus
1281 908 1496 954 propositis

305 971 487 1009 honestis
507 976 645 1010 utrum
664 971 875 1010 honestius
896 974 959 1010 sit.
1022 972 1103 1009 Hic
1127 971 1239 1010 locus
1257 985 1282 1009 a
1302 971 1495 1009 Panaetio

303 1040 380 1082 est,
396 1041 443 1074 ut
463 1049 583 1083 supra
598 1036 695 1083 dixi,
709 1039 1027 1084 praetermissus.
1070 1035 1152 1075 Sed
1171 1038 1251 1074 iam
1267 1035 1319 1073 ad
1337 1035 1494 1082 reliqua

303 1113 528 1147 pergamus.

465 1245 479 1268 ²
491 1247 637 1279 Etenim
651 1270 661 1279 .
681 1269 691 1279 .
710 1270 720 1280 .
733 1247 931 1289 prudenter
945 1245 1144 1278 bracketed
1159 1245 1206 1288 by
1221 1245 1360 1288 Unger.
1402 1288 1406 1291 η
