1546 2294
539 102 739 141 CICERO
771 102 847 139 DE
875 102 1112 141 OFFICIIS

242 187 285 222 in
317 197 359 222 re
390 183 552 232 publica
581 183 730 230 dignus
759 186 988 231 principatu
1009 183 1141 231 fugiet
1161 189 1284 231 atque
1305 180 1440 236 oderit

250 277 467 323 tradetque
502 290 546 314 se
580 271 714 314 totum
748 279 807 315 rei
846 277 1032 324 publicae
1068 291 1202 325 neque
1237 291 1334 326 opes
1361 283 1442 316 -aut

245 372 471 416 potentiam
493 370 793 406 consectabitur
819 374 1029 416 totamque
1057 383 1146 408 eam
1167 372 1222 408 sic
1242 370 1439 416 tuebitur,

244 467 291 500 ut
318 461 504 500 omnibus
532 461 715 498 consulat
725 473 735 506 ;
765 474 842 499 nec
869 475 964 500 vero
991 463 1227 506 criminibus
1255 462 1366 501 falsis
1397 465 1439 500 in

244 556 382 593 odium
411 559 483 592 aut
512 554 704 591 invidiam
732 567 976 601 quemquam
1006 556 1164 594 vocabit
1191 559 1438 603 omninoque

245 652 302 686 ita
332 650 511 686 iustitiae
543 633 830 694 honestatique
862 648 1140 696 adhaerescet,
1173 654 1232 697 ut,
1260 649 1359 688 dum
1377 663 1439 688 —ea

245 746 472 787 conservet,
511 743 692 787 quamvis
729 743 909 787 graviter
956 742 1154 780 offendat*
1183 747 1442 790 mortemque

245 832 417 876 oppetat
436 830 570 874 potius
590 840 710 874 quam
732 826 894 866 deserat
914 828 995 875 illa,
1017 842 1120 876 quae
1143 829 1239 868 dixi.

135 923 139 927 ’
165 923 214 961 87
304 918 531 955 Miserrima
558 919 723 953 omnino
750 921 814 954 est
841 917 1009 954 ambitio
1037 917 1316 966 honorumque
1347 933 1442 958 con-

1 1011 102 1074 epbvi,
119 1010 170 1037 488
185 1009 223 1040 Β;
251 1001 397 1044 tentio,
414 997 466 1036 de
487 1011 565 1044 qua
585 997 788 1044 praeclare
809 997 918 1044 apud
934 997 1111 1036 eundem
1131 1004 1194 1037 est
1216 999 1440 1046 Platonem,

0 1049 28 1074 39
250 1070 472 1117 “similiter
492 1077 625 1116 facere
646 1091 727 1124 eos,
741 1081 809 1124 qui
830 1081 938 1116 inter
957 1091 1000 1116 se
1021 1079 1332 1127 contenderent,
1349 1086 1443 1118 uter

252 1164 386 1208 potius
407 1173 492 1198 rem
508 1159 715 1205 publicam
735 1158 1050 1206 administraret,
1071 1165 1117 1198 ut
1137 1163 1170 1198 si
1189 1166 1337 1200 nautae
1357 1175 1445 1200 cer-

45 1242 186 1308 ffissfflffi’
253 1254 402 1295 tarent,
424 1251 513 1295 quis
533 1261 671 1285 eorum
692 1251 943 1294 potissimum
963 1249 1250 1294 guberna1·et.”
1311 1249 1445 1288 Idem·

44 1311 157 1371 ἓξὲξ·
255 1344 334 1378 que
356 1331 566 1377 praecipit,
587 1333 634 1366 ut
661 1319 686 1335 “
696 1341 764 1365 eos
778 1327 1037 1367 'adversarios
1066 1332 1357 1378 existimemus,
1378 1334 1446 1378 qui

252 1425 364 1450 arma
395 1414 537 1447 contra
565 1408 713 1454 ferant,
741 1422 823 1446 non
853 1422 934 1455 eOS,
963 1411 1031 1456 qui
1061 1423 1133 1448 suo
1162 1411 1310 1460 iudicio
1339 1415 1446 1450 tueri

253 1514 339 1538 rem
360 1498 563 1546 publicam
583 1497 752 1543 velint,”
775 1497 902 1544 qualis
923 1498 1002 1536 fuit
1017 1501 1125 1537 inter
1147 1499 1187 1537 P.
1209 1500 1445 1539 Africanum

254 1594 299 1628 et
320 1588 369 1635 Q.
394 1587 610 1625 Metellum
631 1589 717 1624 sine
739 1587 960 1624 acerbitate
982 1587 1186 1627 dissensio.

840 1646 847 1658 2

175 1685 223 1716 88
312 1678 401 1715 Nec
431 1689 525 1714 vero
551 1674 756 1721 audiendi,
778 1678 846 1722 qui
873 1678 1051 1721 graviter
1079 1679 1251 1716 inimicis
1275 1682 1447 1719 irascen-

258 1763 355 1801 dum
384 1761 588 1809 putabunt
618 1760 740 1806 idque
768 1763 1014 1805 magnanimi
1045 1766 1089 1799 et
1118 1761 1232 1800 fortis
1261 1766 1335 1802 viri
1361 1778 1449 1803 esse

262 1847 509 1890 censebunt3
538 1844 639 1881 nihil
673 1847 782 1882 enim
814 1844 1066 1892 laudabilius,
1094 1846 1375 1895 nihil.magno
1407 1855 1450 1887 et

260 1931 465 1979 praeclaro
485 1932 568 1966 viro
589 1928 750 1975 dignius
781 1912 1055 1975 placabilitate
1075 1935 1198 1977 atque
1219 1931 1446 1971 clementia.

261 2016 309 2054 ln
330 2016 466 2055 liberis
488 2027 581 2052 vero
602 2013 758 2060 populis
780 2018 823 2051 et
845 2016 887 2051 in
909 2016 1005 2052 iuris
1024 2015 1312 2062 aequabilitate
1333 2030 1446 2056 exer·

371 2076 421 2109 88
