<?xml version="1.0" encoding="UTF-8"?>
<!DOCTYPE html PUBLIC "-//W3C//DTD XHTML 1.0 Transitional//EN"
    "http://www.w3.org/TR/xhtml1/DTD/xhtml1-transitional.dtd">
<html xmlns="http://www.w3.org/1999/xhtml" xml:lang="en" lang="en">
 <head>
  <title>
</title>
<meta http-equiv="Content-Type" content="text/html;charset=utf-8" />
  <meta name='ocr-system' content='tesseract 3.04.00' />
  <meta name='ocr-capabilities' content='ocr_page ocr_carea ocr_par ocr_line ocrx_word'/>
</head>
<body>
  <div class='ocr_page' id='page_1' title='image "./deofficiiswithen00ciceuoft_0280.png"; bbox 0 0 1546 2294; ppageno 0'>
   <div class='ocr_carea' id='block_1_1' title="bbox 260 736 306 772">
    <p class='ocr_par' dir='ltr' id='par_1_1' title="bbox 260 736 306 772">
     <span class='ocr_line' id='line_1_1' title="bbox 260 736 306 772; baseline -0.043 0"><span class='ocrx_word' id='word_1_1' title='bbox 260 736 306 772; x_wconf 87' lang='grc'><strong>81</strong></span> 
     </span>
    </p>
   </div>
   <div class='ocr_carea' id='block_1_2' title="bbox 265 1742 316 1776">
    <p class='ocr_par' dir='ltr' id='par_1_2' title="bbox 265 1742 316 1776">
     <span class='ocr_line' id='line_1_2' title="bbox 265 1742 316 1776; baseline -0.02 0"><span class='ocrx_word' id='word_1_2' title='bbox 265 1742 316 1776; x_wconf 78' lang='lat'><strong>82</strong></span> 
     </span>
    </p>
   </div>
   <div class='ocr_carea' id='block_1_3' title="bbox 628 102 1202 142">
    <p class='ocr_par' dir='ltr' id='par_1_3' title="bbox 628 102 1202 142">
     <span class='ocr_line' id='line_1_3' title="bbox 628 102 1202 142; baseline 0 0"><span class='ocrx_word' id='word_1_3' title='bbox 628 103 828 142; x_wconf 87' lang='lat' dir='ltr'>CICERO</span> <span class='ocrx_word' id='word_1_4' title='bbox 860 103 936 141; x_wconf 91' lang='lat' dir='ltr'><strong>DE</strong></span> <span class='ocrx_word' id='word_1_5' title='bbox 965 102 1202 142; x_wconf 90' lang='lat' dir='ltr'><strong>OFFICIIS</strong></span> 
     </span>
    </p>
   </div>
   <div class='ocr_carea' id='block_1_4' title="bbox 335 187 1540 1392">
    <p class='ocr_par' dir='ltr' id='par_1_4' title="bbox 335 187 1534 702">
     <span class='ocr_line' id='line_1_4' title="bbox 335 187 1526 233; baseline -0.001 -9"><span class='ocrx_word' id='word_1_6' title='bbox 335 191 379 224; x_wconf 89' lang='lat' dir='ltr'><strong>et</strong></span> <span class='ocrx_word' id='word_1_7' title='bbox 401 188 564 233; x_wconf 78' lang='lat' dir='ltr'>tyranni</span> <span class='ocrx_word' id='word_1_8' title='bbox 584 188 830 224; x_wconf 79' lang='lat' dir='ltr'><strong>exsisterent</strong></span> <span class='ocrx_word' id='word_1_9' title='bbox 850 190 893 224; x_wconf 91' lang='lat' dir='ltr'><strong>et</strong></span> <span class='ocrx_word' id='word_1_10' title='bbox 914 187 1132 232; x_wconf 78' lang='lat' dir='ltr'><strong>optimates</strong></span> <span class='ocrx_word' id='word_1_11' title='bbox 1155 187 1526 224; x_wconf 78' lang='lat' dir='ltr'><strong>exterminarentur</strong></span> 
     </span>
     <span class='ocr_line' id='line_1_5' title="bbox 337 252 1529 302; baseline -0.002 -10"><span class='ocrx_word' id='word_1_12' title='bbox 337 259 379 293; x_wconf 92' lang='lat' dir='ltr'><strong>et</strong></span> <span class='ocrx_word' id='word_1_13' title='bbox 398 254 714 302; x_wconf 86' lang='lat' dir='ltr'><strong>praeclarissime</strong></span> <span class='ocrx_word' id='word_1_14' title='bbox 738 255 961 292; x_wconf 88' lang='lat' dir='ltr'><strong>constituta</strong></span> <span class='ocrx_word' id='word_1_15' title='bbox 985 266 1049 291; x_wconf 89' lang='lat' dir='ltr'><strong>res</strong></span> <span class='ocrx_word' id='word_1_16' title='bbox 1073 252 1236 300; x_wconf 88' lang='lat' dir='ltr'><strong>publica</strong></span> <span class='ocrx_word' id='word_1_17' title='bbox 1259 252 1529 298; x_wconf 86' lang='lat' dir='ltr'><strong>dilaberetur3</strong></span> 
     </span>
     <span class='ocr_line' id='line_1_6' title="bbox 338 320 1532 369; baseline -0.003 -8"><span class='ocrx_word' id='word_1_18' title='bbox 338 336 413 361; x_wconf 90' lang='lat' dir='ltr'><strong>nec</strong></span> <span class='ocrx_word' id='word_1_19' title='bbox 448 336 543 360; x_wconf 90' lang='lat' dir='ltr'><strong>vero</strong></span> <span class='ocrx_word' id='word_1_20' title='bbox 577 321 707 361; x_wconf 92' lang='lat' dir='ltr'><strong>solum</strong></span> <span class='ocrx_word' id='word_1_21' title='bbox 740 324 827 369; x_wconf 92' lang='lat' dir='ltr'><strong>ipsa</strong></span> <span class='ocrx_word' id='word_1_22' title='bbox 861 321 1023 368; x_wconf 88' lang='lat' dir='ltr'><strong>cecidit,</strong></span> <span class='ocrx_word' id='word_1_23' title='bbox 1059 320 1132 359; x_wconf 89' lang='lat' dir='ltr'><strong>sed</strong></span> <span class='ocrx_word' id='word_1_24' title='bbox 1171 323 1295 359; x_wconf 90' lang='lat' dir='ltr'><strong>etiam</strong></span> <span class='ocrx_word' id='word_1_25' title='bbox 1334 320 1532 368; x_wconf 90' lang='lat' dir='ltr'><strong>reliquam</strong></span> 
     </span>
     <span class='ocr_line' id='line_1_7' title="bbox 341 380 1534 437; baseline -0.003 -8"><span class='ocrx_word' id='word_1_26' title='bbox 341 391 553 429; x_wconf 80' lang='lat' dir='ltr'><strong>Graeciam</strong></span> <span class='ocrx_word' id='word_1_27' title='bbox 587 392 737 429; x_wconf 93' lang='lat' dir='ltr'><strong>evertit</strong></span> <span class='ocrx_word' id='word_1_28' title='bbox 771 389 1081 437; x_wconf 78' lang='lat' dir='ltr'><strong>contagionibus</strong></span> <span class='ocrx_word' id='word_1_29' title='bbox 1112 380 1339 436; x_wconf 83' lang='lat' dir='ltr'><strong>malorum,1</strong></span> <span class='ocrx_word' id='word_1_30' title='bbox 1371 400 1476 435; x_wconf 88' lang='lat' dir='ltr'><strong>quae</strong></span> <span class='ocrx_word' id='word_1_31' title='bbox 1510 401 1534 426; x_wconf 91' lang='lat' dir='ltr'><strong>a</strong></span> 
     </span>
     <span class='ocr_line' id='line_1_8' title="bbox 342 454 1532 506; baseline -0.003 -9"><span class='ocrx_word' id='word_1_32' title='bbox 342 458 671 497; x_wconf 86' lang='lat' dir='ltr'><strong>Lacedaemoniis</strong></span> <span class='ocrx_word' id='word_1_33' title='bbox 706 457 913 506; x_wconf 83' lang='lat' dir='ltr'><strong>profectae</strong></span> <span class='ocrx_word' id='word_1_34' title='bbox 952 461 1170 495; x_wconf 89' lang='lat' dir='ltr'><strong>manarunt</strong></span> <span class='ocrx_word' id='word_1_35' title='bbox 1203 456 1334 494; x_wconf 90' lang='lat' dir='ltr'><strong>latius.</strong></span> <span class='ocrx_word' id='word_1_36' title='bbox 1396 454 1532 504; x_wconf 87' lang='lat' dir='ltr'><strong>Quid?</strong></span> 
     </span>
     <span class='ocr_line' id='line_1_9' title="bbox 341 522 1531 574; baseline -0.003 -9"><span class='ocrx_word' id='word_1_37' title='bbox 341 532 496 566; x_wconf 89' lang='lat' dir='ltr'><strong>nostros</strong></span> <span class='ocrx_word' id='word_1_38' title='bbox 518 526 736 574; x_wconf 84' lang='lat' dir='ltr'><strong>Gracchos,</strong></span> <span class='ocrx_word' id='word_1_39' title='bbox 752 525 811 564; x_wconf 83' lang='lat' dir='ltr'><strong>Ti.</strong></span> <span class='ocrx_word' id='word_1_40' title='bbox 836 524 1011 564; x_wconf 89' lang='lat' dir='ltr'><strong>Gracchi</strong></span> <span class='ocrx_word' id='word_1_41' title='bbox 1031 527 1177 563; x_wconf 90' lang='lat' dir='ltr'><strong>summi</strong></span> <span class='ocrx_word' id='word_1_42' title='bbox 1197 526 1270 562; x_wconf 87' lang='lat' dir='ltr'><strong>viri</strong></span> <span class='ocrx_word' id='word_1_43' title='bbox 1291 523 1407 571; x_wconf 84' lang='lat' dir='ltr'><strong>filios,</strong></span> <span class='ocrx_word' id='word_1_44' title='bbox 1422 522 1531 561; x_wconf 86' lang='lat' dir='ltr'><strong>Afri-</strong></span> 
     </span>
     <span class='ocr_line' id='line_1_10' title="bbox 341 590 1532 642; baseline -0.003 -8"><span class='ocrx_word' id='word_1_45' title='bbox 341 598 430 634; x_wconf 91' lang='lat' dir='ltr'><strong>cani</strong></span> <span class='ocrx_word' id='word_1_46' title='bbox 456 600 641 642; x_wconf 89' lang='lat' dir='ltr'><strong>nepotes,</strong></span> <span class='ocrx_word' id='word_1_47' title='bbox 666 607 804 632; x_wconf 92' lang='lat' dir='ltr'><strong>nonne</strong></span> <span class='ocrx_word' id='word_1_48' title='bbox 828 595 1008 640; x_wconf 88' lang='lat' dir='ltr'><strong>agrariae</strong></span> <span class='ocrx_word' id='word_1_49' title='bbox 1034 595 1319 631; x_wconf 86' lang='lat' dir='ltr'><strong>contentiones</strong></span> <span class='ocrx_word' id='word_1_50' title='bbox 1342 590 1532 639; x_wconf 85' lang='lat' dir='ltr'><strong>perdide-</strong></span> 
     </span>
     <span class='ocr_line' id='line_1_11' title="bbox 341 664 461 702; baseline -0.008 0"><span class='ocrx_word' id='word_1_51' title='bbox 341 664 461 702; x_wconf 87' lang='lat' dir='ltr'><strong>runt?</strong></span> 
     </span>
    </p>

    <p class='ocr_par' dir='ltr' id='par_1_5' title="bbox 343 727 1540 1392">
     <span class='ocr_line' id='line_1_12' title="bbox 397 727 1535 777; baseline -0.004 -7"><span class='ocrx_word' id='word_1_52' title='bbox 397 732 456 770; x_wconf 93' lang='lat' dir='ltr'><strong>At</strong></span> <span class='ocrx_word' id='word_1_53' title='bbox 479 745 573 770; x_wconf 92' lang='lat' dir='ltr'><strong>vero</strong></span> <span class='ocrx_word' id='word_1_54' title='bbox 597 731 747 769; x_wconf 86' lang='lat' dir='ltr'><strong>Aratus</strong></span> <span class='ocrx_word' id='word_1_55' title='bbox 771 730 982 777; x_wconf 90' lang='lat' dir='ltr'><strong>Sicyonius</strong></span> <span class='ocrx_word' id='word_1_56' title='bbox 1006 731 1093 767; x_wconf 90' lang='lat' dir='ltr'><strong>iure</strong></span> <span class='ocrx_word' id='word_1_57' title='bbox 1117 727 1319 775; x_wconf 88' lang='lat' dir='ltr'><strong>laudatur,</strong></span> <span class='ocrx_word' id='word_1_58' title='bbox 1339 730 1422 775; x_wconf 89' lang='lat' dir='ltr'><strong>qui,</strong></span> <span class='ocrx_word' id='word_1_59' title='bbox 1443 739 1535 766; x_wconf 90' lang='lat' dir='ltr'><strong>cum</strong></span> 
     </span>
     <span class='ocr_line' id='line_1_13' title="bbox 343 799 1534 846; baseline -0.004 -8"><span class='ocrx_word' id='word_1_60' title='bbox 343 803 428 838; x_wconf 89' lang='lat' dir='ltr'><strong>eius</strong></span> <span class='ocrx_word' id='word_1_61' title='bbox 449 802 588 838; x_wconf 91' lang='lat' dir='ltr'><strong>civitas</strong></span> <span class='ocrx_word' id='word_1_62' title='bbox 608 800 904 846; x_wconf 89' lang='lat' dir='ltr'><strong>quinquaginta</strong></span> <span class='ocrx_word' id='word_1_63' title='bbox 923 810 1050 835; x_wconf 90' lang='lat' dir='ltr'><strong>annos</strong></span> <span class='ocrx_word' id='word_1_64' title='bbox 1069 810 1093 834; x_wconf 89' lang='lat' dir='ltr'><strong>a</strong></span> <span class='ocrx_word' id='word_1_65' title='bbox 1112 799 1296 843; x_wconf 86' lang='lat' dir='ltr'><strong>tyrannis</strong></span> <span class='ocrx_word' id='word_1_66' title='bbox 1309 799 1534 842; x_wconf 82' lang='lat' dir='ltr'><strong>teneretur,</strong></span> 
     </span>
     <span class='ocr_line' id='line_1_14' title="bbox 343 862 1536 916; baseline -0.006 -9"><span class='ocrx_word' id='word_1_67' title='bbox 343 868 549 916; x_wconf 85' lang='lat' dir='ltr'><strong>profectus</strong></span> <span class='ocrx_word' id='word_1_68' title='bbox 569 867 690 913; x_wconf 87' lang='lat' dir='ltr'><strong>Argis</strong></span> <span class='ocrx_word' id='word_1_69' title='bbox 718 866 934 913; x_wconf 90' lang='lat' dir='ltr'><strong>Sicyonem</strong></span> <span class='ocrx_word' id='word_1_70' title='bbox 958 863 1213 902; x_wconf 89' lang='lat' dir='ltr'><strong>clandestino</strong></span> <span class='ocrx_word' id='word_1_71' title='bbox 1239 865 1410 902; x_wconf 88' lang='lat' dir='ltr'><strong>introitu</strong></span> <span class='ocrx_word' id='word_1_72' title='bbox 1436 862 1536 901; x_wconf 87' lang='lat' dir='ltr'><strong>urbe</strong></span> 
     </span>
     <span class='ocr_line' id='line_1_15' title="bbox 344 931 1538 984; baseline -0.006 -9"><span class='ocrx_word' id='word_1_73' title='bbox 344 941 407 975; x_wconf 90' lang='lat' dir='ltr'><strong>est</strong></span> <span class='ocrx_word' id='word_1_74' title='bbox 435 938 602 984; x_wconf 91' lang='lat' dir='ltr'><strong>potitus,</strong></span> <span class='ocrx_word' id='word_1_75' title='bbox 633 947 806 981; x_wconf 90' lang='lat' dir='ltr'><strong>cumque</strong></span> <span class='ocrx_word' id='word_1_76' title='bbox 835 938 1055 980; x_wconf 88' lang='lat' dir='ltr'><strong>tyrannum</strong></span> <span class='ocrx_word' id='word_1_77' title='bbox 1085 931 1295 970; x_wconf 89' lang='lat' dir='ltr'><strong>Nicoclem</strong></span> <span class='ocrx_word' id='word_1_78' title='bbox 1323 932 1538 978; x_wconf 89' lang='lat' dir='ltr'><strong>improviso</strong></span> 
     </span>
     <span class='ocr_line' id='line_1_16' title="bbox 344 993 1536 1052; baseline -0.006 -9"><span class='ocrx_word' id='word_1_79' title='bbox 344 993 641 1052; x_wconf 79' lang='lat' dir='ltr'><strong>oppressisset,²</strong></span> <span class='ocrx_word' id='word_1_80' title='bbox 672 1006 879 1040; x_wconf 90' lang='lat' dir='ltr'><strong>sescentos</strong></span> <span class='ocrx_word' id='word_1_81' title='bbox 918 999 1092 1046; x_wconf 85' lang='lat' dir='ltr'><strong>exsules,</strong></span> <span class='ocrx_word' id='word_1_82' title='bbox 1123 1002 1193 1047; x_wconf 91' lang='lat' dir='ltr'><strong>qui</strong></span> <span class='ocrx_word' id='word_1_83' title='bbox 1230 998 1536 1046; x_wconf 85' lang='lat' dir='ltr'><strong>locupletissimi</strong></span> 
     </span>
     <span class='ocr_line' id='line_1_17' title="bbox 345 1065 1535 1116; baseline -0.007 -5"><span class='ocrx_word' id='word_1_84' title='bbox 345 1073 508 1111; x_wconf 89' lang='lat' dir='ltr'><strong>fuerant</strong></span> <span class='ocrx_word' id='word_1_85' title='bbox 527 1074 613 1110; x_wconf 91' lang='lat' dir='ltr'><strong>eius</strong></span> <span class='ocrx_word' id='word_1_86' title='bbox 633 1072 820 1116; x_wconf 87' lang='lat' dir='ltr'><strong>civitatis,</strong></span> <span class='ocrx_word' id='word_1_87' title='bbox 841 1071 1023 1108; x_wconf 91' lang='lat' dir='ltr'><strong>restituit</strong></span> <span class='ocrx_word' id='word_1_88' title='bbox 1042 1080 1210 1115; x_wconf 89' lang='lat' dir='ltr'><strong>remque</strong></span> <span class='ocrx_word' id='word_1_89' title='bbox 1237 1066 1440 1115; x_wconf 90' lang='lat' dir='ltr'><strong>publicam</strong></span> <span class='ocrx_word' id='word_1_90' title='bbox 1465 1065 1535 1104; x_wconf 86' lang='lat' dir='ltr'><strong>ad-</strong></span> 
     </span>
     <span class='ocr_line' id='line_1_18' title="bbox 346 1133 1534 1183; baseline -0.007 -4"><span class='ocrx_word' id='word_1_91' title='bbox 346 1146 471 1180; x_wconf 92' lang='lat' dir='ltr'><strong>ventu</strong></span> <span class='ocrx_word' id='word_1_92' title='bbox 492 1153 564 1178; x_wconf 94' lang='lat' dir='ltr'><strong>suo</strong></span> <span class='ocrx_word' id='word_1_93' title='bbox 583 1140 780 1177; x_wconf 90' lang='lat' dir='ltr'><strong>liberavit.</strong></span> <span class='ocrx_word' id='word_1_94' title='bbox 842 1136 924 1176; x_wconf 88' lang='lat' dir='ltr'><strong>Sed</strong></span> <span class='ocrx_word' id='word_1_95' title='bbox 950 1150 1042 1174; x_wconf 88' lang='lat' dir='ltr'><strong>cum</strong></span> <span class='ocrx_word' id='word_1_96' title='bbox 1069 1148 1259 1183; x_wconf 87' lang='lat' dir='ltr'><strong>magnam</strong></span> <span class='ocrx_word' id='word_1_97' title='bbox 1283 1133 1534 1172; x_wconf 81' lang='lat' dir='ltr'><strong>animadver-</strong></span> 
     </span>
     <span class='ocr_line' id='line_1_19' title="bbox 346 1200 1538 1253; baseline -0.008 -5"><span class='ocrx_word' id='word_1_98' title='bbox 346 1214 455 1248; x_wconf 87' lang='lat' dir='ltr'><strong>teret</strong></span> <span class='ocrx_word' id='word_1_99' title='bbox 473 1211 516 1246; x_wconf 90' lang='lat' dir='ltr'><strong>in</strong></span> <span class='ocrx_word' id='word_1_100' title='bbox 535 1208 650 1246; x_wconf 91' lang='lat' dir='ltr'><strong>bonis</strong></span> <span class='ocrx_word' id='word_1_101' title='bbox 671 1211 715 1244; x_wconf 90' lang='lat' dir='ltr'><strong>et</strong></span> <span class='ocrx_word' id='word_1_102' title='bbox 730 1205 1046 1253; x_wconf 89' lang='lat' dir='ltr'><strong>possessionibus</strong></span> <span class='ocrx_word' id='word_1_103' title='bbox 1062 1202 1355 1250; x_wconf 85' lang='lat' dir='ltr'><strong>difficultatem,</strong></span> <span class='ocrx_word' id='word_1_104' title='bbox 1369 1200 1478 1250; x_wconf 90' lang='lat' dir='ltr'><strong>quod</strong></span> <span class='ocrx_word' id='word_1_105' title='bbox 1493 1205 1538 1239; x_wconf 88' lang='lat' dir='ltr'><strong>et</strong></span> 
     </span>
     <span class='ocr_line' id='line_1_20' title="bbox 346 1267 1539 1324; baseline -0.008 -8"><span class='ocrx_word' id='word_1_106' title='bbox 346 1290 427 1324; x_wconf 91' lang='lat' dir='ltr'><strong>eos,</strong></span> <span class='ocrx_word' id='word_1_107' title='bbox 448 1289 548 1324; x_wconf 93' lang='lat' dir='ltr'><strong>quos</strong></span> <span class='ocrx_word' id='word_1_108' title='bbox 568 1278 654 1323; x_wconf 89' lang='lat' dir='ltr'><strong>ipse</strong></span> <span class='ocrx_word' id='word_1_109' title='bbox 675 1276 924 1319; x_wconf 86' lang='lat' dir='ltr'><strong>restituerat,</strong></span> <span class='ocrx_word' id='word_1_110' title='bbox 945 1284 1116 1319; x_wconf 89' lang='lat' dir='ltr'><strong>quorum</strong></span> <span class='ocrx_word' id='word_1_111' title='bbox 1136 1271 1243 1308; x_wconf 92' lang='lat' dir='ltr'><strong>bona</strong></span> <span class='ocrx_word' id='word_1_112' title='bbox 1261 1269 1329 1308; x_wconf 90' lang='lat' dir='ltr'><strong>alii</strong></span> <span class='ocrx_word' id='word_1_113' title='bbox 1349 1267 1539 1317; x_wconf 89' lang='lat' dir='ltr'><strong>possede-</strong></span> 
     </span>
     <span class='ocr_line' id='line_1_21' title="bbox 346 1338 1540 1392; baseline -0.008 -9"><span class='ocrx_word' id='word_1_114' title='bbox 346 1349 452 1392; x_wconf 85' lang='lat' dir='ltr'><strong>rant,</strong></span> <span class='ocrx_word' id='word_1_115' title='bbox 472 1356 594 1391; x_wconf 88' lang='lat' dir='ltr'><strong>egere</strong></span> <span class='ocrx_word' id='word_1_116' title='bbox 619 1343 914 1389; x_wconf 89' lang='lat' dir='ltr'><strong>iniquissimum</strong></span> <span class='ocrx_word' id='word_1_117' title='bbox 941 1352 1029 1378; x_wconf 91' lang='lat' dir='ltr'><strong>esse</strong></span> <span class='ocrx_word' id='word_1_118' title='bbox 1056 1338 1327 1376; x_wconf 84' lang='lat' dir='ltr'><strong>arbitrabatur</strong></span> <span class='ocrx_word' id='word_1_119' title='bbox 1353 1341 1398 1376; x_wconf 88' lang='lat' dir='ltr'><strong>et</strong></span> <span class='ocrx_word' id='word_1_120' title='bbox 1423 1339 1540 1384; x_wconf 90' lang='lat' dir='ltr'><strong>quin-</strong></span> 
     </span>
    </p>
   </div>
   <div class='ocr_carea' id='block_1_5' title="bbox 345 1398 1541 1992">
    <p class='ocr_par' dir='ltr' id='par_1_6' title="bbox 345 1398 1541 1992">
     <span class='ocr_line' id='line_1_22' title="bbox 348 1398 1541 1461; baseline -0.008 -10"><span class='ocrx_word' id='word_1_121' title='bbox 348 1415 545 1461; x_wconf 85' lang='lat' dir='ltr'><strong>quaginta</strong></span> <span class='ocrx_word' id='word_1_122' title='bbox 573 1423 771 1448; x_wconf 89' lang='lat' dir='ltr'><strong>annorum</strong></span> <span class='ocrx_word' id='word_1_123' title='bbox 800 1410 1073 1456; x_wconf 89' lang='lat' dir='ltr'><strong>possessiones</strong></span> <span class='ocrx_word' id='word_1_124' title='bbox 1107 1398 1277 1444; x_wconf 75' lang='lat' dir='ltr'><strong>moveri³</strong></span> <span class='ocrx_word' id='word_1_125' title='bbox 1306 1417 1389 1443; x_wconf 88' lang='lat' dir='ltr'><strong>non</strong></span> <span class='ocrx_word' id='word_1_126' title='bbox 1422 1407 1541 1442; x_wconf 89' lang='lat' dir='ltr'><strong>nimis</strong></span> 
     </span>
     <span class='ocr_line' id='line_1_23' title="bbox 348 1469 1539 1525; baseline -0.009 -9"><span class='ocrx_word' id='word_1_127' title='bbox 348 1490 523 1525; x_wconf 92' lang='lat' dir='ltr'><strong>aequum</strong></span> <span class='ocrx_word' id='word_1_128' title='bbox 552 1475 735 1523; x_wconf 87' lang='lat' dir='ltr'><strong>putabat,</strong></span> <span class='ocrx_word' id='word_1_129' title='bbox 763 1477 979 1521; x_wconf 86' lang='lat' dir='ltr'><strong>propterea</strong></span> <span class='ocrx_word' id='word_1_130' title='bbox 1008 1470 1116 1518; x_wconf 88' lang='lat' dir='ltr'><strong>quod</strong></span> <span class='ocrx_word' id='word_1_131' title='bbox 1145 1475 1230 1508; x_wconf 84' lang='lat' dir='ltr'><strong>tam</strong></span> <span class='ocrx_word' id='word_1_132' title='bbox 1259 1469 1381 1516; x_wconf 82' lang='lat' dir='ltr'><strong>longo</strong></span> <span class='ocrx_word' id='word_1_133' title='bbox 1411 1471 1539 1516; x_wconf 88' lang='lat' dir='ltr'><strong>spatio</strong></span> 
     </span>
     <span class='ocr_line' id='line_1_24' title="bbox 347 1532 1536 1584; baseline -0.01 -3"><span class='ocrx_word' id='word_1_134' title='bbox 347 1541 476 1581; x_wconf 90' lang='lat' dir='ltr'><strong>multa</strong></span> <span class='ocrx_word' id='word_1_135' title='bbox 525 1539 836 1584; x_wconf 88' lang='lat' dir='ltr'><strong>hereditatibus,</strong></span> <span class='ocrx_word' id='word_1_136' title='bbox 883 1536 1012 1574; x_wconf 90' lang='lat' dir='ltr'><strong>multa</strong></span> <span class='ocrx_word' id='word_1_137' title='bbox 1069 1533 1356 1582; x_wconf 88' lang='lat' dir='ltr'><strong>emptionibus,</strong></span> <span class='ocrx_word' id='word_1_138' title='bbox 1409 1532 1536 1570; x_wconf 85' lang='lat' dir='ltr'><strong>multa</strong></span> 
     </span>
     <span class='ocr_line' id='line_1_25' title="bbox 347 1597 1536 1646; baseline -0.009 -1"><span class='ocrx_word' id='word_1_139' title='bbox 347 1607 510 1645; x_wconf 90' lang='lat' dir='ltr'><strong>dotibus</strong></span> <span class='ocrx_word' id='word_1_140' title='bbox 552 1604 801 1642; x_wconf 87' lang='lat' dir='ltr'><strong>tenebantur</strong></span> <span class='ocrx_word' id='word_1_141' title='bbox 843 1603 929 1639; x_wconf 91' lang='lat' dir='ltr'><strong>sine</strong></span> <span class='ocrx_word' id='word_1_142' title='bbox 972 1601 1130 1646; x_wconf 90' lang='lat' dir='ltr'><strong>iniuria,</strong></span> <span class='ocrx_word' id='word_1_143' title='bbox 1168 1597 1362 1636; x_wconf 87' lang='lat' dir='ltr'><strong>iudicavit</strong></span> <span class='ocrx_word' id='word_1_144' title='bbox 1402 1609 1536 1644; x_wconf 86' lang='lat' dir='ltr'><strong>neque</strong></span> 
     </span>
     <span class='ocr_line' id='line_1_26' title="bbox 347 1660 1536 1709; baseline -0.009 0"><span class='ocrx_word' id='word_1_145' title='bbox 347 1671 425 1709; x_wconf 90' lang='lat' dir='ltr'><strong>illis</strong></span> <span class='ocrx_word' id='word_1_146' title='bbox 466 1669 589 1707; x_wconf 87' lang='lat' dir='ltr'><strong>adimi</strong></span> <span class='ocrx_word' id='word_1_147' title='bbox 634 1680 711 1705; x_wconf 91' lang='lat' dir='ltr'><strong>nec</strong></span> <span class='ocrx_word' id='word_1_148' title='bbox 756 1669 804 1704; x_wconf 92' lang='lat' dir='ltr'><strong>iis</strong></span> <span class='ocrx_word' id='word_1_149' title='bbox 850 1679 932 1703; x_wconf 90' lang='lat' dir='ltr'><strong>non</strong></span> <span class='ocrx_word' id='word_1_150' title='bbox 977 1666 1073 1702; x_wconf 88' lang='lat' dir='ltr'><strong>satis</strong></span> <span class='ocrx_word' id='word_1_151' title='bbox 1116 1663 1214 1709; x_wconf 87' lang='lat' dir='ltr'><strong>fieri,</strong></span> <span class='ocrx_word' id='word_1_152' title='bbox 1254 1674 1424 1709; x_wconf 86' lang='lat' dir='ltr'><strong>quorum</strong></span> <span class='ocrx_word' id='word_1_153' title='bbox 1469 1660 1536 1698; x_wconf 87' lang='lat' dir='ltr'><strong>illa</strong></span> 
     </span>
     <span class='ocr_line' id='line_1_27' title="bbox 348 1728 1537 1781; baseline -0.009 -8"><span class='ocrx_word' id='word_1_154' title='bbox 348 1736 523 1781; x_wconf 87' lang='lat' dir='ltr'><strong>fuerant,</strong></span> <span class='ocrx_word' id='word_1_155' title='bbox 573 1737 772 1780; x_wconf 89' lang='lat' dir='ltr'><strong>oportere.</strong></span> <span class='ocrx_word' id='word_1_156' title='bbox 861 1730 962 1768; x_wconf 92' lang='lat' dir='ltr'><strong>Cum</strong></span> <span class='ocrx_word' id='word_1_157' title='bbox 1010 1731 1136 1775; x_wconf 89' lang='lat' dir='ltr'><strong>igitur</strong></span> <span class='ocrx_word' id='word_1_158' title='bbox 1182 1728 1392 1765; x_wconf 88' lang='lat' dir='ltr'><strong>statuisset</strong></span> <span class='ocrx_word' id='word_1_159' title='bbox 1438 1736 1537 1772; x_wconf 91' lang='lat' dir='ltr'><strong>opus</strong></span> 
     </span>
     <span class='ocr_line' id='line_1_28' title="bbox 345 1788 1538 1839; baseline -0.01 -1"><span class='ocrx_word' id='word_1_160' title='bbox 345 1812 433 1839; x_wconf 89' lang='lat' dir='ltr'><strong>esse</strong></span> <span class='ocrx_word' id='word_1_161' title='bbox 462 1797 514 1836; x_wconf 90' lang='lat' dir='ltr'><strong>ad</strong></span> <span class='ocrx_word' id='word_1_162' title='bbox 543 1810 633 1836; x_wconf 90' lang='lat' dir='ltr'><strong>eam</strong></span> <span class='ocrx_word' id='word_1_163' title='bbox 666 1809 753 1834; x_wconf 91' lang='lat' dir='ltr'><strong>rem</strong></span> <span class='ocrx_word' id='word_1_164' title='bbox 785 1792 1113 1833; x_wconf 85' lang='lat' dir='ltr'><strong>constituendam</strong></span> <span class='ocrx_word' id='word_1_165' title='bbox 1144 1793 1329 1839; x_wconf 88' lang='lat' dir='ltr'><strong>pecunia,</strong></span> <span class='ocrx_word' id='word_1_166' title='bbox 1361 1788 1538 1827; x_wconf 85' lang='lat' dir='ltr'><strong>Alexan-</strong></span> 
     </span>
     <span class='ocr_line' id='line_1_29' title="bbox 345 1851 1537 1909; baseline -0.011 -6"><span class='ocrx_word' id='word_1_167' title='bbox 345 1865 484 1903; x_wconf 89' lang='lat' dir='ltr'><strong>dream</strong></span> <span class='ocrx_word' id='word_1_168' title='bbox 513 1875 555 1900; x_wconf 91' lang='lat' dir='ltr'><strong>se</strong></span> <span class='ocrx_word' id='word_1_169' title='bbox 585 1860 780 1909; x_wconf 87' lang='lat' dir='ltr'><strong>proficisci</strong></span> <span class='ocrx_word' id='word_1_170' title='bbox 801 1858 905 1896; x_wconf 89' lang='lat' dir='ltr'><strong>velle</strong></span> <span class='ocrx_word' id='word_1_171' title='bbox 931 1857 1036 1895; x_wconf 91' lang='lat' dir='ltr'><strong>dixit</strong></span> <span class='ocrx_word' id='word_1_172' title='bbox 1062 1867 1229 1902; x_wconf 86' lang='lat' dir='ltr'><strong>remque</strong></span> <span class='ocrx_word' id='word_1_173' title='bbox 1253 1857 1454 1901; x_wconf 84' lang='lat' dir='ltr'><strong>integram</strong></span> <span class='ocrx_word' id='word_1_174' title='bbox 1484 1851 1537 1891; x_wconf 85' lang='lat' dir='ltr'><strong>ad</strong></span> 
     </span>
     <span class='ocr_line' id='line_1_30' title="bbox 473 1943 1326 1992; baseline -0.011 -7"><span class='ocrx_word' id='word_1_175' title='bbox 473 1952 484 1972; x_wconf 85' lang='lat'><strong>¹</strong></span> <span class='ocrx_word' id='word_1_176' title='bbox 497 1953 670 1985; x_wconf 84' lang='lat' dir='ltr'><strong>malorum</strong></span> <span class='ocrx_word' id='word_1_177' title='bbox 689 1950 716 1982; x_wconf 93' lang='lat' dir='ltr'>L</span> <span class='ocrx_word' id='word_1_178' title='bbox 732 1960 752 1981; x_wconf 84' lang='lat' dir='ltr'><strong>c</strong></span> <span class='ocrx_word' id='word_1_179' title='bbox 769 1960 804 1992; x_wconf 88' lang='lat' dir='ltr'><strong>p,</strong></span> <span class='ocrx_word' id='word_1_180' title='bbox 818 1947 935 1986; x_wconf 70' lang='lat' dir='ltr'><strong>43dd.;</strong></span> <span class='ocrx_word' id='word_1_181' title='bbox 959 1946 1136 1979; x_wconf 80' lang='lat' dir='ltr'><strong>maiorum</strong></span> <span class='ocrx_word' id='word_1_182' title='bbox 1155 1945 1182 1977; x_wconf 87' lang='grc' dir='ltr'>Β</span> <span class='ocrx_word' id='word_1_183' title='bbox 1202 1944 1236 1977; x_wconf 89' lang='lat' dir='ltr'>H</span> <span class='ocrx_word' id='word_1_184' title='bbox 1253 1954 1277 1976; x_wconf 91' lang='lat' dir='ltr'><strong>a</strong></span> <span class='ocrx_word' id='word_1_185' title='bbox 1293 1943 1326 1977; x_wconf 93' lang='lat' dir='ltr'><strong>b.</strong></span> 
     </span>
    </p>
   </div>
   <div class='ocr_carea' id='block_1_6' title="bbox 475 1986 1368 2080">
    <p class='ocr_par' dir='ltr' id='par_1_7' title="bbox 475 1986 1368 2080">
     <span class='ocr_line' id='line_1_31' title="bbox 476 1986 1368 2040; baseline -0.011 -11"><span class='ocrx_word' id='word_1_186' title='bbox 476 1995 725 2040; x_wconf 71' lang='lat' dir='ltr'><strong>’oppressisset</strong></span> <span class='ocrx_word' id='word_1_187' title='bbox 740 1994 767 2025; x_wconf 94' lang='lat' dir='ltr'>L</span> <span class='ocrx_word' id='word_1_188' title='bbox 783 2003 802 2025; x_wconf 92' lang='lat' dir='ltr'><strong>c</strong></span> <span class='ocrx_word' id='word_1_189' title='bbox 819 2003 853 2034; x_wconf 87' lang='lat' dir='ltr'><strong>p,</strong></span> <span class='ocrx_word' id='word_1_190' title='bbox 868 1991 978 2030; x_wconf 86' lang='lat' dir='ltr'><strong>Edd.;</strong></span> <span class='ocrx_word' id='word_1_191' title='bbox 996 1989 1184 2033; x_wconf 78' lang='lat' dir='ltr'><strong>pressisset</strong></span> <span class='ocrx_word' id='word_1_192' title='bbox 1199 1990 1224 2021; x_wconf 88' lang='lat' dir='ltr'><strong>B</strong></span> <span class='ocrx_word' id='word_1_193' title='bbox 1243 1987 1278 2020; x_wconf 82' lang='lat' dir='ltr'>H</span> <span class='ocrx_word' id='word_1_194' title='bbox 1295 1998 1318 2020; x_wconf 87' lang='lat' dir='ltr'><strong>a</strong></span> <span class='ocrx_word' id='word_1_195' title='bbox 1334 1986 1368 2020; x_wconf 92' lang='lat' dir='ltr'><strong>b.</strong></span> 
     </span>
     <span class='ocr_line' id='line_1_32' title="bbox 475 2032 1235 2080; baseline -0.013 -6"><span class='ocrx_word' id='word_1_196' title='bbox 475 2039 633 2073; x_wconf 67' lang='lat' dir='ltr'><strong>”mo-vm·</strong></span> <span class='ocrx_word' id='word_1_197' title='bbox 648 2039 676 2071; x_wconf 92' lang='lat' dir='ltr'>L</span> <span class='ocrx_word' id='word_1_198' title='bbox 691 2048 711 2070; x_wconf 89' lang='lat' dir='ltr'><strong>c</strong></span> <span class='ocrx_word' id='word_1_199' title='bbox 727 2049 762 2080; x_wconf 88' lang='lat' dir='ltr'><strong>p,</strong></span> <span class='ocrx_word' id='word_1_200' title='bbox 778 2036 888 2074; x_wconf 85' lang='lat' dir='ltr'><strong>Edd.;</strong></span> <span class='ocrx_word' id='word_1_201' title='bbox 913 2045 1046 2067; x_wconf 84' lang='lat' dir='ltr'><strong>movere</strong></span> <span class='ocrx_word' id='word_1_202' title='bbox 1064 2034 1091 2066; x_wconf 93' lang='lat' dir='ltr'><strong>B</strong></span> <span class='ocrx_word' id='word_1_203' title='bbox 1110 2033 1144 2065; x_wconf 78' lang='lat' dir='ltr'>H</span> <span class='ocrx_word' id='word_1_204' title='bbox 1162 2044 1185 2066; x_wconf 86' lang='lat' dir='ltr'><strong>a</strong></span> <span class='ocrx_word' id='word_1_205' title='bbox 1201 2032 1235 2064; x_wconf 87' lang='lat' dir='ltr'><strong>b.</strong></span> 
     </span>
    </p>
   </div>
   <div class='ocr_carea' id='block_1_7' title="bbox 451 2091 532 2132">
    <p class='ocr_par' dir='ltr' id='par_1_8' title="bbox 451 2091 532 2132">
     <span class='ocr_line' id='line_1_33' title="bbox 451 2091 532 2132; baseline -0.012 0"><span class='ocrx_word' id='word_1_206' title='bbox 451 2091 532 2132; x_wconf 76' lang='lat'><strong>256</strong></span> 
     </span>
    </p>
   </div>
  </div>
 </body>
</html>
