<?xml version="1.0" encoding="UTF-8"?>
<!DOCTYPE html PUBLIC "-//W3C//DTD XHTML 1.0 Transitional//EN"
    "http://www.w3.org/TR/xhtml1/DTD/xhtml1-transitional.dtd">
<html xmlns="http://www.w3.org/1999/xhtml" xml:lang="en" lang="en">
 <head>
  <title>
</title>
<meta http-equiv="Content-Type" content="text/html;charset=utf-8" />
  <meta name='ocr-system' content='tesseract 3.04.00' />
  <meta name='ocr-capabilities' content='ocr_page ocr_carea ocr_par ocr_line ocrx_word'/>
</head>
<body>
  <div class='ocr_page' id='page_1' title='image "./deofficiiswithen00ciceuoft_0402.png"; bbox 0 0 1546 2294; ppageno 0'>
   <div class='ocr_carea' id='block_1_1' title="bbox 201 330 275 366">
    <p class='ocr_par' dir='ltr' id='par_1_1' title="bbox 201 330 275 366">
     <span class='ocr_line' id='line_1_1' title="bbox 201 330 275 366; baseline 0.014 -1"><span class='ocrx_word' id='word_1_1' title='bbox 201 330 275 366; x_wconf 87' lang='lat'><strong>101</strong></span> 
     </span>
    </p>
   </div>
   <div class='ocr_carea' id='block_1_2' title="bbox 208 1403 287 1439">
    <p class='ocr_par' dir='ltr' id='par_1_2' title="bbox 208 1403 287 1439">
     <span class='ocr_line' id='line_1_2' title="bbox 208 1403 287 1439; baseline -0.038 0"><span class='ocrx_word' id='word_1_2' title='bbox 208 1403 287 1439; x_wconf 81' lang='lat'><strong>102</strong></span> 
     </span>
    </p>
   </div>
   <div class='ocr_carea' id='block_1_3' title="bbox 605 106 1180 150">
    <p class='ocr_par' dir='ltr' id='par_1_3' title="bbox 605 106 1180 150">
     <span class='ocr_line' id='line_1_3' title="bbox 605 106 1180 150; baseline 0.007 -5"><span class='ocrx_word' id='word_1_3' title='bbox 605 106 806 147; x_wconf 86' lang='lat' dir='ltr'>CICERO</span> <span class='ocrx_word' id='word_1_4' title='bbox 837 109 913 146; x_wconf 91' lang='lat' dir='ltr'><strong>DE</strong></span> <span class='ocrx_word' id='word_1_5' title='bbox 942 109 1180 150; x_wconf 88' lang='lat' dir='ltr'>OFFICIIS</span> 
     </span>
    </p>
   </div>
   <div class='ocr_carea' id='block_1_4' title="bbox 308 185 1514 1850">
    <p class='ocr_par' dir='ltr' id='par_1_4' title="bbox 308 185 1514 317">
     <span class='ocr_line' id='line_1_4' title="bbox 308 185 1503 240; baseline 0.007 -16"><span class='ocrx_word' id='word_1_6' title='bbox 308 185 514 234; x_wconf 78' lang='lat' dir='ltr'><strong>vigilando</strong></span> <span class='ocrx_word' id='word_1_7' title='bbox 541 189 776 236; x_wconf 79' lang='lat' dir='ltr'><strong>necabatur,</strong></span> <span class='ocrx_word' id='word_1_8' title='bbox 797 194 886 228; x_wconf 91' lang='lat' dir='ltr'><strong>erat</strong></span> <span class='ocrx_word' id='word_1_9' title='bbox 911 193 954 228; x_wconf 90' lang='lat' dir='ltr'><strong>in</strong></span> <span class='ocrx_word' id='word_1_10' title='bbox 977 191 1145 230; x_wconf 89' lang='lat' dir='ltr'><strong>meliore</strong></span> <span class='ocrx_word' id='word_1_11' title='bbox 1172 205 1304 240; x_wconf 84' lang='lat' dir='ltr'><strong>causa,</strong></span> <span class='ocrx_word' id='word_1_12' title='bbox 1323 205 1445 240; x_wconf 92' lang='lat' dir='ltr'><strong>quam</strong></span> <span class='ocrx_word' id='word_1_13' title='bbox 1470 196 1503 231; x_wconf 86' lang='lat' dir='ltr'><strong>si</strong></span> 
     </span>
     <span class='ocr_line' id='line_1_5' title="bbox 309 256 1514 317; baseline 0.006 -22"><span class='ocrx_word' id='word_1_14' title='bbox 309 256 420 295; x_wconf 90' lang='lat' dir='ltr'><strong>domi</strong></span> <span class='ocrx_word' id='word_1_15' title='bbox 438 271 564 298; x_wconf 88' lang='lat' dir='ltr'>senex</span> <span class='ocrx_word' id='word_1_16' title='bbox 585 262 780 307; x_wconf 85' lang='lat' dir='ltr'><strong>captivus,</strong></span> <span class='ocrx_word' id='word_1_17' title='bbox 796 263 979 308; x_wconf 89' lang='lat' dir='ltr'><strong>periurus</strong></span> <span class='ocrx_word' id='word_1_18' title='bbox 999 262 1218 301; x_wconf 88' lang='lat' dir='ltr'><strong>consularis</strong></span> <span class='ocrx_word' id='word_1_19' title='bbox 1233 265 1514 317; x_wconf 74' lang='lat' dir='ltr'><strong>remansisset.v</strong></span> 
     </span>
    </p>

    <p class='ocr_par' dir='ltr' id='par_1_5' title="bbox 312 329 1504 460">
     <span class='ocr_line' id='line_1_6' title="bbox 367 329 1504 391; baseline 0.006 -24"><span class='ocrx_word' id='word_1_20' title='bbox 367 329 426 368; x_wconf 93' lang='lat' dir='ltr'><strong>At</strong></span> <span class='ocrx_word' id='word_1_21' title='bbox 456 330 597 378; x_wconf 89' lang='lat' dir='ltr'><strong>stulte,</strong></span> <span class='ocrx_word' id='word_1_22' title='bbox 621 334 691 379; x_wconf 90' lang='lat' dir='ltr'><strong>qui</strong></span> <span class='ocrx_word' id='word_1_23' title='bbox 722 345 805 383; x_wconf 71' lang='lat' dir='ltr'><strong>non</strong></span> <span class='ocrx_word' id='word_1_24' title='bbox 835 333 956 372; x_wconf 92' lang='lat' dir='ltr'><strong>modo</strong></span> <span class='ocrx_word' id='word_1_25' title='bbox 985 347 1068 371; x_wconf 91' lang='lat' dir='ltr'><strong>non</strong></span> <span class='ocrx_word' id='word_1_26' title='bbox 1092 336 1301 391; x_wconf 17' lang='lat' dir='ltr'><strong>censuerit*</strong></span> <span class='ocrx_word' id='word_1_27' title='bbox 1325 337 1504 382; x_wconf 82' lang='lat' dir='ltr'><strong>captivos</strong></span> 
     </span>
     <span class='ocr_line' id='line_1_7' title="bbox 312 401 1218 460; baseline 0.007 -22"><span class='ocrx_word' id='word_1_28' title='bbox 312 401 596 449; x_wconf 79' lang='lat' dir='ltr'><strong>remittendos,</strong></span> <span class='ocrx_word' id='word_1_29' title='bbox 617 416 756 456; x_wconf 68' lang='lat' dir='ltr'><strong>verum</strong></span> <span class='ocrx_word' id='word_1_30' title='bbox 778 406 903 459; x_wconf 43' lang='lat' dir='ltr'><strong>etiarm</strong></span> <span class='ocrx_word' id='word_1_31' title='bbox 923 404 1168 460; x_wconf 83' lang='lat' dir='ltr'><strong>dissuaserit.</strong></span> <span class='ocrx_word' id='word_1_32' title='bbox 1212 404 1218 406; x_wconf 57' lang='grc'><em>’</em></span> 
     </span>
    </p>

    <p class='ocr_par' dir='ltr' id='par_1_6' title="bbox 312 470 1506 662">
     <span class='ocr_line' id='line_1_8' title="bbox 368 470 1506 524; baseline 0.004 -14"><span class='ocrx_word' id='word_1_33' title='bbox 368 470 461 519; x_wconf 83' lang='lat' dir='ltr'><strong>Quo</strong></span> <span class='ocrx_word' id='word_1_34' title='bbox 491 473 613 511; x_wconf 91' lang='lat' dir='ltr'><strong>modo</strong></span> <span class='ocrx_word' id='word_1_35' title='bbox 639 474 791 513; x_wconf 88' lang='lat' dir='ltr'><strong>stulte?</strong></span> <span class='ocrx_word' id='word_1_36' title='bbox 823 477 1015 523; x_wconf 80' lang='lat' dir='ltr'><strong>etiamne,</strong></span> <span class='ocrx_word' id='word_1_37' title='bbox 1040 478 1074 514; x_wconf 92' lang='lat' dir='ltr'><strong>si</strong></span> <span class='ocrx_word' id='word_1_38' title='bbox 1104 478 1163 514; x_wconf 90' lang='lat' dir='ltr'><strong>rei</strong></span> <span class='ocrx_word' id='word_1_39' title='bbox 1193 476 1380 524; x_wconf 84' lang='lat' dir='ltr'><strong>publicae</strong></span> <span class='ocrx_word' id='word_1_40' title='bbox 1411 490 1506 515; x_wconf 90' lang='lat' dir='ltr'><strong>con-</strong></span> 
     </span>
     <span class='ocr_line' id='line_1_9' title="bbox 313 542 1506 595; baseline 0.005 -15"><span class='ocrx_word' id='word_1_41' title='bbox 313 542 515 582; x_wconf 83' lang='lat' dir='ltr'><strong>ducebat?</strong></span> <span class='ocrx_word' id='word_1_42' title='bbox 559 550 698 592; x_wconf 90' lang='lat' dir='ltr'><strong>potest</strong></span> <span class='ocrx_word' id='word_1_43' title='bbox 731 551 883 594; x_wconf 88' lang='lat' dir='ltr'><strong>autem,</strong></span> <span class='ocrx_word' id='word_1_44' title='bbox 910 547 1019 594; x_wconf 91' lang='lat' dir='ltr'><strong>quod</strong></span> <span class='ocrx_word' id='word_1_45' title='bbox 1050 547 1198 587; x_wconf 90' lang='lat' dir='ltr'><strong>inutile</strong></span> <span class='ocrx_word' id='word_1_46' title='bbox 1226 549 1286 587; x_wconf 86' lang='lat' dir='ltr'><strong>rei</strong></span> <span class='ocrx_word' id='word_1_47' title='bbox 1319 547 1506 595; x_wconf 85' lang='lat' dir='ltr'><strong>publicae</strong></span> 
     </span>
     <span class='ocr_line' id='line_1_10' title="bbox 312 610 1066 662; baseline 0.007 -10"><span class='ocrx_word' id='word_1_48' title='bbox 312 616 379 661; x_wconf 84' lang='lat' dir='ltr'><strong>sit,</strong></span> <span class='ocrx_word' id='word_1_49' title='bbox 398 614 441 652; x_wconf 90' lang='lat' dir='ltr'><strong>id</strong></span> <span class='ocrx_word' id='word_1_50' title='bbox 460 610 648 662; x_wconf 80' lang='lat' dir='ltr'><strong>cuiquam</strong></span> <span class='ocrx_word' id='word_1_51' title='bbox 668 619 745 655; x_wconf 92' lang='lat' dir='ltr'><strong>civi</strong></span> <span class='ocrx_word' id='word_1_52' title='bbox 763 617 866 656; x_wconf 88' lang='lat' dir='ltr'><strong>utile</strong></span> <span class='ocrx_word' id='word_1_53' title='bbox 886 619 998 657; x_wconf 87' lang='lat' dir='ltr'><strong>esse?</strong></span> <span class='ocrx_word' id='word_1_54' title='bbox 1062 629 1066 633; x_wconf 85' lang='grc'><strong>’</strong></span> 
     </span>
    </p>

    <p class='ocr_par' dir='ltr' id='par_1_7' title="bbox 312 684 1508 1368">
     <span class='ocr_line' id='line_1_11' title="bbox 368 684 1507 737; baseline 0.007 -15"><span class='ocrx_word' id='word_1_55' title='bbox 368 684 564 724; x_wconf 90' lang='lat' dir='ltr'>XXVIII.</span> <span class='ocrx_word' id='word_1_56' title='bbox 598 687 843 727; x_wconf 84' lang='lat' dir='ltr'><strong>Pervertunt</strong></span> <span class='ocrx_word' id='word_1_57' title='bbox 857 688 1041 728; x_wconf 89' lang='lat' dir='ltr'><strong>homines</strong></span> <span class='ocrx_word' id='word_1_58' title='bbox 1057 703 1117 737; x_wconf 88' lang='lat' dir='ltr'><strong>ea,</strong></span> <span class='ocrx_word' id='word_1_59' title='bbox 1133 703 1236 737; x_wconf 89' lang='lat' dir='ltr'><strong>quae</strong></span> <span class='ocrx_word' id='word_1_60' title='bbox 1252 695 1348 730; x_wconf 80' lang='lat' dir='ltr'><strong>sunt</strong></span> <span class='ocrx_word' id='word_1_61' title='bbox 1362 690 1507 730; x_wconf 88' lang='lat' dir='ltr'><strong>funda-</strong></span> 
     </span>
     <span class='ocr_line' id='line_1_12' title="bbox 312 759 1507 806; baseline 0.006 -12"><span class='ocrx_word' id='word_1_62' title='bbox 312 761 453 795; x_wconf 89' lang='lat' dir='ltr'><strong>menta</strong></span> <span class='ocrx_word' id='word_1_63' title='bbox 478 762 660 806; x_wconf 86' lang='lat' dir='ltr'><strong>naturae,</strong></span> <span class='ocrx_word' id='word_1_64' title='bbox 685 772 778 797; x_wconf 91' lang='lat' dir='ltr'><strong>cum</strong></span> <span class='ocrx_word' id='word_1_65' title='bbox 805 759 1027 798; x_wconf 81' lang='lat' dir='ltr'><strong>utilitatem</strong></span> <span class='ocrx_word' id='word_1_66' title='bbox 1052 761 1104 799; x_wconf 95' lang='lat' dir='ltr'><strong>ab</strong></span> <span class='ocrx_word' id='word_1_67' title='bbox 1130 760 1346 800; x_wconf 89' lang='lat' dir='ltr'><strong>honestate</strong></span> <span class='ocrx_word' id='word_1_68' title='bbox 1373 764 1507 801; x_wconf 82' lang='lat' dir='ltr'><strong>seiun-</strong></span> 
     </span>
     <span class='ocr_line' id='line_1_13' title="bbox 313 829 1508 881; baseline 0.005 -15"><span class='ocrx_word' id='word_1_69' title='bbox 313 833 429 875; x_wconf 87' lang='lat' dir='ltr'><strong>gunt.</strong></span> <span class='ocrx_word' id='word_1_70' title='bbox 489 829 644 868; x_wconf 88' lang='lat' dir='ltr'><strong>Omnes</strong></span> <span class='ocrx_word' id='word_1_71' title='bbox 665 833 775 869; x_wconf 91' lang='lat' dir='ltr'><strong>enim</strong></span> <span class='ocrx_word' id='word_1_72' title='bbox 790 835 1019 879; x_wconf 88' lang='lat' dir='ltr'><strong>expetimus</strong></span> <span class='ocrx_word' id='word_1_73' title='bbox 1033 832 1256 871; x_wconf 85' lang='lat' dir='ltr'><strong>utilitatem</strong></span> <span class='ocrx_word' id='word_1_74' title='bbox 1270 833 1323 871; x_wconf 87' lang='lat' dir='ltr'><strong>ad</strong></span> <span class='ocrx_word' id='word_1_75' title='bbox 1338 846 1508 881; x_wconf 89' lang='lat' dir='ltr'><strong>eamque</strong></span> 
     </span>
     <span class='ocr_line' id='line_1_14' title="bbox 314 901 1507 951; baseline 0.004 -13"><span class='ocrx_word' id='word_1_76' title='bbox 314 903 492 948; x_wconf 85' lang='lat' dir='ltr'><strong>rapimur</strong></span> <span class='ocrx_word' id='word_1_77' title='bbox 510 914 588 939; x_wconf 89' lang='lat' dir='ltr'><strong>nec</strong></span> <span class='ocrx_word' id='word_1_78' title='bbox 608 901 742 940; x_wconf 86' lang='lat' dir='ltr'><strong>facere</strong></span> <span class='ocrx_word' id='word_1_79' title='bbox 762 902 882 941; x_wconf 89' lang='lat' dir='ltr'><strong>aliter</strong></span> <span class='ocrx_word' id='word_1_80' title='bbox 897 903 980 941; x_wconf 92' lang='lat' dir='ltr'><strong>ullo</strong></span> <span class='ocrx_word' id='word_1_81' title='bbox 995 903 1116 942; x_wconf 92' lang='lat' dir='ltr'><strong>modo</strong></span> <span class='ocrx_word' id='word_1_82' title='bbox 1131 917 1351 951; x_wconf 86' lang='lat' dir='ltr'><strong>possumus.</strong></span> <span class='ocrx_word' id='word_1_83' title='bbox 1402 905 1507 943; x_wconf 88' lang='lat' dir='ltr'><strong>Nam</strong></span> 
     </span>
     <span class='ocr_line' id='line_1_15' title="bbox 315 973 1506 1022; baseline 0.003 -12"><span class='ocrx_word' id='word_1_84' title='bbox 315 974 404 1019; x_wconf 93' lang='lat' dir='ltr'><strong>quis</strong></span> <span class='ocrx_word' id='word_1_85' title='bbox 424 977 500 1019; x_wconf 91' lang='lat' dir='ltr'><strong>est,</strong></span> <span class='ocrx_word' id='word_1_86' title='bbox 521 975 590 1019; x_wconf 92' lang='lat' dir='ltr'><strong>qui</strong></span> <span class='ocrx_word' id='word_1_87' title='bbox 610 973 726 1011; x_wconf 91' lang='lat' dir='ltr'><strong>utilia</strong></span> <span class='ocrx_word' id='word_1_88' title='bbox 741 973 897 1021; x_wconf 84' lang='lat' dir='ltr'><strong>fugiat?</strong></span> <span class='ocrx_word' id='word_1_89' title='bbox 925 979 997 1013; x_wconf 90' lang='lat' dir='ltr'><strong>aut</strong></span> <span class='ocrx_word' id='word_1_90' title='bbox 1011 978 1100 1022; x_wconf 89' lang='lat' dir='ltr'><strong>quis</strong></span> <span class='ocrx_word' id='word_1_91' title='bbox 1114 977 1261 1022; x_wconf 86' lang='lat' dir='ltr'><strong>potius,</strong></span> <span class='ocrx_word' id='word_1_92' title='bbox 1277 978 1346 1022; x_wconf 94' lang='lat' dir='ltr'><strong>qui</strong></span> <span class='ocrx_word' id='word_1_93' title='bbox 1361 989 1409 1014; x_wconf 90' lang='lat' dir='ltr'><strong>ea</strong></span> <span class='ocrx_word' id='word_1_94' title='bbox 1422 989 1506 1014; x_wconf 89' lang='lat' dir='ltr'><strong>non</strong></span> 
     </span>
     <span class='ocr_line' id='line_1_16' title="bbox 315 1043 1504 1095; baseline 0.004 -14"><span class='ocrx_word' id='word_1_95' title='bbox 315 1043 607 1083; x_wconf 86' lang='lat' dir='ltr'><strong>studiosissime</strong></span> <span class='ocrx_word' id='word_1_96' title='bbox 627 1047 918 1092; x_wconf 89' lang='lat' dir='ltr'><strong>persequatur?</strong></span> <span class='ocrx_word' id='word_1_97' title='bbox 976 1046 1058 1085; x_wconf 89' lang='lat' dir='ltr'><strong>Sed</strong></span> <span class='ocrx_word' id='word_1_98' title='bbox 1078 1049 1172 1093; x_wconf 88' lang='lat' dir='ltr'><strong>quia</strong></span> <span class='ocrx_word' id='word_1_99' title='bbox 1190 1060 1388 1094; x_wconf 89' lang='lat' dir='ltr'><strong>nusquam</strong></span> <span class='ocrx_word' id='word_1_100' title='bbox 1413 1061 1504 1095; x_wconf 91' lang='lat' dir='ltr'><strong>pos-</strong></span> 
     </span>
     <span class='ocr_line' id='line_1_17' title="bbox 316 1115 1504 1167; baseline 0.003 -14"><span class='ocrx_word' id='word_1_101' title='bbox 316 1129 452 1154; x_wconf 91' lang='lat' dir='ltr'><strong>sumus</strong></span> <span class='ocrx_word' id='word_1_102' title='bbox 471 1118 548 1154; x_wconf 89' lang='lat' dir='ltr'><strong>nisi</strong></span> <span class='ocrx_word' id='word_1_103' title='bbox 568 1118 610 1154; x_wconf 91' lang='lat' dir='ltr'><strong>in</strong></span> <span class='ocrx_word' id='word_1_104' title='bbox 630 1115 764 1163; x_wconf 90' lang='lat' dir='ltr'><strong>laude,</strong></span> <span class='ocrx_word' id='word_1_105' title='bbox 777 1116 938 1164; x_wconf 89' lang='lat' dir='ltr'><strong>decore,</strong></span> <span class='ocrx_word' id='word_1_106' title='bbox 954 1117 1169 1156; x_wconf 87' lang='lat' dir='ltr'><strong>honestate</strong></span> <span class='ocrx_word' id='word_1_107' title='bbox 1184 1117 1300 1156; x_wconf 87' lang='lat' dir='ltr'><strong>utilia</strong></span> <span class='ocrx_word' id='word_1_108' title='bbox 1313 1121 1504 1167; x_wconf 87' lang='lat' dir='ltr'><strong>reperire,</strong></span> 
     </span>
     <span class='ocr_line' id='line_1_18' title="bbox 316 1187 1508 1237; baseline 0.003 -13"><span class='ocrx_word' id='word_1_109' title='bbox 316 1192 532 1235; x_wconf 87' lang='lat' dir='ltr'><strong>propterea</strong></span> <span class='ocrx_word' id='word_1_110' title='bbox 565 1187 633 1225; x_wconf 89' lang='lat' dir='ltr'><strong>illa</strong></span> <span class='ocrx_word' id='word_1_111' title='bbox 663 1190 791 1234; x_wconf 83' lang='lat' dir='ltr'><strong>prima</strong></span> <span class='ocrx_word' id='word_1_112' title='bbox 820 1194 864 1227; x_wconf 90' lang='lat' dir='ltr'><strong>et</strong></span> <span class='ocrx_word' id='word_1_113' title='bbox 891 1202 1047 1227; x_wconf 92' lang='lat' dir='ltr'><strong>summa</strong></span> <span class='ocrx_word' id='word_1_114' title='bbox 1080 1189 1289 1237; x_wconf 86' lang='lat' dir='ltr'><strong>habemus,</strong></span> <span class='ocrx_word' id='word_1_115' title='bbox 1317 1189 1508 1229; x_wconf 88' lang='lat' dir='ltr'><strong>utilitatis</strong></span> 
     </span>
     <span class='ocr_line' id='line_1_19' title="bbox 317 1258 1508 1307; baseline 0.003 -11"><span class='ocrx_word' id='word_1_116' title='bbox 317 1271 468 1297; x_wconf 90' lang='lat' dir='ltr'><strong>nomen</strong></span> <span class='ocrx_word' id='word_1_117' title='bbox 487 1271 570 1296; x_wconf 91' lang='lat' dir='ltr'><strong>non</strong></span> <span class='ocrx_word' id='word_1_118' title='bbox 589 1263 675 1296; x_wconf 84' lang='lat' dir='ltr'><strong>tam</strong></span> <span class='ocrx_word' id='word_1_119' title='bbox 695 1258 954 1306; x_wconf 91' lang='lat' dir='ltr'><strong>splendidum</strong></span> <span class='ocrx_word' id='word_1_120' title='bbox 975 1273 1096 1307; x_wconf 90' lang='lat' dir='ltr'><strong>quam</strong></span> <span class='ocrx_word' id='word_1_121' title='bbox 1110 1263 1380 1299; x_wconf 88' lang='lat' dir='ltr'><strong>necessarium</strong></span> <span class='ocrx_word' id='word_1_122' title='bbox 1396 1260 1508 1299; x_wconf 91' lang='lat' dir='ltr'><strong>duci-</strong></span> 
     </span>
     <span class='ocr_line' id='line_1_20' title="bbox 316 1343 416 1368; baseline 0 0"><span class='ocrx_word' id='word_1_123' title='bbox 316 1343 416 1368; x_wconf 92' lang='lat' dir='ltr'><strong>mus.</strong></span> 
     </span>
    </p>

    <p class='ocr_par' dir='ltr' id='par_1_8' title="bbox 317 1396 1511 1850">
     <span class='ocr_line' id='line_1_21' title="bbox 376 1396 1511 1446; baseline 0.003 -11"><span class='ocrx_word' id='word_1_124' title='bbox 376 1396 487 1445; x_wconf 84' lang='lat' dir='ltr'><strong>Quid</strong></span> <span class='ocrx_word' id='word_1_125' title='bbox 526 1402 590 1436; x_wconf 91' lang='lat' dir='ltr'><strong>est</strong></span> <span class='ocrx_word' id='word_1_126' title='bbox 627 1399 765 1445; x_wconf 88' lang='lat' dir='ltr'><strong>igitur,</strong></span> <span class='ocrx_word' id='word_1_127' title='bbox 800 1397 949 1437; x_wconf 87' lang='lat' dir='ltr'><strong>dixerit</strong></span> <span class='ocrx_word' id='word_1_128' title='bbox 983 1402 1086 1446; x_wconf 90' lang='lat' dir='ltr'><strong>quis,</strong></span> <span class='ocrx_word' id='word_1_129' title='bbox 1119 1401 1163 1437; x_wconf 87' lang='lat' dir='ltr'><strong>in</strong></span> <span class='ocrx_word' id='word_1_130' title='bbox 1196 1402 1282 1438; x_wconf 87' lang='lat' dir='ltr'><strong>iure</strong></span> <span class='ocrx_word' id='word_1_131' title='bbox 1316 1399 1511 1438; x_wconf 85' lang='lat' dir='ltr'><strong>iurando?</strong></span> 
     </span>
     <span class='ocr_line' id='line_1_22' title="bbox 319 1465 1509 1514; baseline 0.003 -12"><span class='ocrx_word' id='word_1_132' title='bbox 319 1478 417 1503; x_wconf 93' lang='lat' dir='ltr'><strong>num</strong></span> <span class='ocrx_word' id='word_1_133' title='bbox 438 1467 586 1503; x_wconf 87' lang='lat' dir='ltr'><strong>iratum</strong></span> <span class='ocrx_word' id='word_1_134' title='bbox 606 1467 797 1504; x_wconf 91' lang='lat' dir='ltr'><strong>timemus</strong></span> <span class='ocrx_word' id='word_1_135' title='bbox 819 1465 983 1504; x_wconf 86' lang='lat' dir='ltr'><strong>Iovem?</strong></span> <span class='ocrx_word' id='word_1_136' title='bbox 1041 1466 1099 1504; x_wconf 90' lang='lat' dir='ltr'><strong>At</strong></span> <span class='ocrx_word' id='word_1_137' title='bbox 1118 1466 1195 1504; x_wconf 92' lang='lat' dir='ltr'><strong>hoc</strong></span> <span class='ocrx_word' id='word_1_138' title='bbox 1216 1466 1382 1514; x_wconf 91' lang='lat' dir='ltr'><strong>quidem</strong></span> <span class='ocrx_word' id='word_1_139' title='bbox 1401 1480 1509 1505; x_wconf 91' lang='lat' dir='ltr'><strong>com-</strong></span> 
     </span>
     <span class='ocr_line' id='line_1_23' title="bbox 318 1532 1508 1582; baseline 0.001 -11"><span class='ocrx_word' id='word_1_140' title='bbox 318 1546 441 1571; x_wconf 91' lang='lat' dir='ltr'><strong>mune</strong></span> <span class='ocrx_word' id='word_1_141' title='bbox 468 1537 532 1571; x_wconf 87' lang='lat' dir='ltr'><strong>est</strong></span> <span class='ocrx_word' id='word_1_142' title='bbox 551 1535 731 1570; x_wconf 89' lang='lat' dir='ltr'><strong>omnium</strong></span> <span class='ocrx_word' id='word_1_143' title='bbox 751 1532 1094 1580; x_wconf 89' lang='lat' dir='ltr'><strong>philosophorum,</strong></span> <span class='ocrx_word' id='word_1_144' title='bbox 1115 1546 1196 1571; x_wconf 89' lang='lat' dir='ltr'><strong>non</strong></span> <span class='ocrx_word' id='word_1_145' title='bbox 1216 1547 1355 1572; x_wconf 90' lang='lat' dir='ltr'><strong>eorum</strong></span> <span class='ocrx_word' id='word_1_146' title='bbox 1373 1533 1508 1582; x_wconf 91' lang='lat' dir='ltr'><strong>modo,</strong></span> 
     </span>
     <span class='ocr_line' id='line_1_24' title="bbox 318 1599 1507 1648; baseline 0 -9"><span class='ocrx_word' id='word_1_147' title='bbox 318 1603 387 1648; x_wconf 92' lang='lat' dir='ltr'><strong>qui</strong></span> <span class='ocrx_word' id='word_1_148' title='bbox 416 1600 539 1638; x_wconf 90' lang='lat' dir='ltr'><strong>deum</strong></span> <span class='ocrx_word' id='word_1_149' title='bbox 568 1599 670 1637; x_wconf 93' lang='lat' dir='ltr'><strong>nihil</strong></span> <span class='ocrx_word' id='word_1_150' title='bbox 702 1600 853 1639; x_wconf 88' lang='lat' dir='ltr'><strong>habere</strong></span> <span class='ocrx_word' id='word_1_151' title='bbox 884 1603 1015 1647; x_wconf 91' lang='lat' dir='ltr'><strong>ipsum</strong></span> <span class='ocrx_word' id='word_1_152' title='bbox 1046 1603 1201 1648; x_wconf 89' lang='lat' dir='ltr'><strong>negotii</strong></span> <span class='ocrx_word' id='word_1_153' title='bbox 1230 1600 1385 1648; x_wconf 89' lang='lat' dir='ltr'><strong>dicunt,</strong></span> <span class='ocrx_word' id='word_1_154' title='bbox 1405 1601 1507 1640; x_wconf 88' lang='lat' dir='ltr'><strong>nihil</strong></span> 
     </span>
     <span class='ocr_line' id='line_1_25' title="bbox 318 1667 1509 1716; baseline 0.002 -11"><span class='ocrx_word' id='word_1_155' title='bbox 318 1667 511 1706; x_wconf 88' lang='lat' dir='ltr'><strong>exhibere</strong></span> <span class='ocrx_word' id='word_1_156' title='bbox 531 1667 662 1714; x_wconf 83' lang='lat' dir='ltr'><strong>alteri,</strong></span> <span class='ocrx_word' id='word_1_157' title='bbox 684 1667 755 1705; x_wconf 86' lang='lat' dir='ltr'><strong>sed</strong></span> <span class='ocrx_word' id='word_1_158' title='bbox 781 1682 919 1706; x_wconf 85' lang='lat' dir='ltr'><strong>eorum</strong></span> <span class='ocrx_word' id='word_1_159' title='bbox 947 1671 1083 1715; x_wconf 86' lang='lat' dir='ltr'><strong>etiam,</strong></span> <span class='ocrx_word' id='word_1_160' title='bbox 1104 1671 1173 1715; x_wconf 92' lang='lat' dir='ltr'><strong>qui</strong></span> <span class='ocrx_word' id='word_1_161' title='bbox 1199 1667 1322 1706; x_wconf 90' lang='lat' dir='ltr'><strong>deum</strong></span> <span class='ocrx_word' id='word_1_162' title='bbox 1348 1681 1509 1716; x_wconf 85' lang='lat' dir='ltr'><strong>semper</strong></span> 
     </span>
     <span class='ocr_line' id='line_1_26' title="bbox 317 1734 1508 1782; baseline 0.001 -9"><span class='ocrx_word' id='word_1_163' title='bbox 317 1749 439 1782; x_wconf 87' lang='lat' dir='ltr'><strong>agere</strong></span> <span class='ocrx_word' id='word_1_164' title='bbox 459 1734 613 1782; x_wconf 88' lang='lat' dir='ltr'><strong>aliquid</strong></span> <span class='ocrx_word' id='word_1_165' title='bbox 640 1740 683 1773; x_wconf 90' lang='lat' dir='ltr'><strong>et</strong></span> <span class='ocrx_word' id='word_1_166' title='bbox 710 1735 840 1773; x_wconf 88' lang='lat' dir='ltr'><strong>moliri</strong></span> <span class='ocrx_word' id='word_1_167' title='bbox 868 1735 1022 1782; x_wconf 81' lang='lat' dir='ltr'><strong>volunt,</strong></span> <span class='ocrx_word' id='word_1_168' title='bbox 1044 1749 1264 1782; x_wconf 89' lang='lat' dir='ltr'><strong>numquam</strong></span> <span class='ocrx_word' id='word_1_169' title='bbox 1290 1748 1367 1773; x_wconf 90' lang='lat' dir='ltr'><strong>nec</strong></span> <span class='ocrx_word' id='word_1_170' title='bbox 1393 1737 1508 1774; x_wconf 84' lang='lat' dir='ltr'><strong>irasci</strong></span> 
     </span>
     <span class='ocr_line' id='line_1_27' title="bbox 318 1802 1508 1850; baseline -0.001 -8"><span class='ocrx_word' id='word_1_171' title='bbox 318 1803 440 1842; x_wconf 91' lang='lat' dir='ltr'><strong>deum</strong></span> <span class='ocrx_word' id='word_1_172' title='bbox 460 1816 537 1841; x_wconf 89' lang='lat' dir='ltr'><strong>nec</strong></span> <span class='ocrx_word' id='word_1_173' title='bbox 557 1816 715 1840; x_wconf 89' lang='lat' dir='ltr'><strong>nocere.</strong></span> <span class='ocrx_word' id='word_1_174' title='bbox 777 1802 887 1850; x_wconf 86' lang='lat' dir='ltr'><strong>Quid</strong></span> <span class='ocrx_word' id='word_1_175' title='bbox 907 1808 1045 1841; x_wconf 83' lang='lat' dir='ltr'><strong>autem</strong></span> <span class='ocrx_word' id='word_1_176' title='bbox 1066 1806 1189 1841; x_wconf 88' lang='lat' dir='ltr'><strong>iratus</strong></span> <span class='ocrx_word' id='word_1_177' title='bbox 1211 1802 1396 1850; x_wconf 87' lang='lat' dir='ltr'><strong>Iuppiter</strong></span> <span class='ocrx_word' id='word_1_178' title='bbox 1418 1803 1508 1850; x_wconf 89' lang='lat' dir='ltr'><strong>plus</strong></span> 
     </span>
    </p>
   </div>
   <div class='ocr_carea' id='block_1_5' title="bbox 707 1988 1065 2067">
    <p class='ocr_par' dir='ltr' id='par_1_9' title="bbox 707 1988 1065 2067">
     <span class='ocr_line' id='line_1_28' title="bbox 709 1988 1065 2030; baseline 0.003 -11"><span class='ocrx_word' id='word_1_179' title='bbox 709 1993 726 2012; x_wconf 74' lang='lat'>⁸</span> <span class='ocrx_word' id='word_1_180' title='bbox 736 1988 812 2020; x_wconf 88' lang='lat' dir='ltr'><strong>The</strong></span> <span class='ocrx_word' id='word_1_181' title='bbox 832 1988 1065 2030; x_wconf 84' lang='lat' dir='ltr'><strong>Epicureans.</strong></span> 
     </span>
     <span class='ocr_line' id='line_1_29' title="bbox 707 2029 960 2067; baseline 0.004 -3"><span class='ocrx_word' id='word_1_182' title='bbox 707 2029 727 2057; x_wconf 83' lang='lat' dir='ltr'>b</span> <span class='ocrx_word' id='word_1_183' title='bbox 737 2032 960 2067; x_wconf 82' lang='lat' dir='ltr'><strong>The.Stoics.</strong></span> 
     </span>
    </p>
   </div>
   <div class='ocr_carea' id='block_1_6' title="bbox 427 2087 505 2125">
    <p class='ocr_par' dir='ltr' id='par_1_10' title="bbox 427 2087 505 2125">
     <span class='ocr_line' id='line_1_30' title="bbox 427 2087 505 2125; baseline 0.013 -2"><span class='ocrx_word' id='word_1_184' title='bbox 427 2087 505 2125; x_wconf 74' lang='lat'><strong>378</strong></span> 
     </span>
    </p>
   </div>
  </div>
 </body>
</html>
