1546 2294
206 630 284 670 136

214 1601 289 1639 137

603 128 802 168 CICERO
833 129 910 168 DE
939 130 1175 171 OFFICIIS

309 209 453 248 studiis
483 215 606 257 atque
637 210 831 249 doctrina.
893 211 1039 251 Danda
1057 215 1182 260 igitur
1201 227 1322 262 opera
1341 219 1417 262 est,
1437 219 1497 262 ut,

311 271 468 308 etiamsi
492 270 674 308 aberrare
694 270 744 308 ad
765 271 843 308 alia
867 275 1059 320 coeperit,
1081 273 1132 311 ad
1160 273 1260 312 haec
1286 279 1499 314 revocetur
1543 292 1546 293 ⁷

311 333 451 377 oratio,
478 330 551 369 sed
576 336 798 378 utcumque
821 331 1016 378 aderunt3
1043 346 1177 381 neque
1204 336 1315 373 enim
1343 327 1497 373 isdeml
1542 367 1543 370 ,

313 390 366 428 de
396 391 516 429 rebus
544 403 622 429 nec
651 394 761 429 omni
789 397 974 439 tempore
1005 405 1082 431 nee
1111 393 1296 432 similiter
1325 393 1503 433 delecta-

312 464 413 488 mur.
472 451 893 490 Animadvertendum
914 457 977 491 est
996 455 1133 500 etiam,
1152 458 1352 501 quatenus
1371 467 1503 493 sermo

312 510 630 549 delectationem
645 511 806 558 habeat,
821 517 876 557 et,
892 517 939 550 ut
950 513 1172 560 incipiendi
1184 516 1286 552 ratio
1299 513 1435 562 fuerit,
1444 517 1501 552 ita

313 574 366 609 sit
385 570 599 609 desinendi
617 571 771 609 modus.

369 631 604 669 XXXVIII.
642 631 724 671 Sed
743 645 823 679 quo
842 632 963 670 modo
982 635 1026 671 in
1047 635 1157 671 omni
1177 636 1260 672 vita
1278 636 1501 672 rectissime

314 695 571 740 praecipitur,
587 697 635 730 ut
653 692 979 740 perturbationes
993 692 1208 741 fugiamus,
1223 693 1267 732 id
1286 698 1351 732 est
1368 698 1502 733 motus

314 755 438 791 animi
471 755 616 790 nimios
650 755 796 790 rationi
831 766 913 790 non
948 758 1292 801 optemperantes‚
1326 756 1383 792 sic
1417 756 1502 793 eius

314 813 425 851 modi
444 813 621 851 motibus
641 826 774 851 sermo
789 812 915 851 debet
929 826 1084 861 vacare,
1100 826 1153 851 ne
1168 818 1240 852 aut
1258 816 1317 852 ira
1335 816 1504 853 exsistat
1543 821 1546 859 j

315 878 387 912 aut
413 872 612 920 cupiditas
631 873 765 920 aliqua
786 878 858 911 aut
880 875 1044 921 pigritia
1063 878 1135 912 aut
1156 876 1316 920 ignavia
1334 878 1405 912 aut
1423 874 1506 912 tale

315 933 469 981 aliquid
494 938 699 981 appareat,
725 936 981 980 maximeque
1008 933 1231 972 curandum
1255 938 1332 981 est,
1351 939 1399 972 ut
1424 947 1505 982 eos,

316 995 555 1042 quibuscum
583 1007 811 1032 sermonem
831 993 1098 1041 conferemus,
1119 999 1163 1033 et
1190 996 1320 1032 vereri
1346 999 1390 1032 et
1415 993 1506 1032 dili-

316 1068 414 1103 gere
434 1053 652 1092 videamur.

374 1115 689 1161 Obiurgationes
715 1117 839 1152 etiam
865 1127 948 1152 non
974 1127 1195 1161 numquam
1220 1113 1408 1152 incidunt
1433 1127 1505 1153 ne-

318 1177 526 1222 cessariae,
553 1177 596 1212 in
625 1175 770 1222 quibus
800 1174 1001 1212 utendum
1033 1179 1096 1212 est
1126 1173 1296 1212 fortasse
1328 1179 1371 1212 et
1399 1177 1506 1212 vocis

318 1237 583 1273 contentione
602 1237 752 1273 maiore
773 1239 817 1273 et
834 1235 1048 1272 verborum
1067 1236 1267 1281 gravitate
1287 1236 1451 1280 acriore,
1465 1233 1507 1272 id

320 1294 526 1343 agendum
545 1297 682 1341 etiam,
698 1299 746 1332 ut
766 1307 814 1332 ea
832 1293 966 1332 facere
986 1293 1195 1332 videamur
1213 1296 1317 1332 irati.
1347 1293 1441 1341 Sed,
1462 1297 1510 1331 ut

320 1355 373 1394 ad
391 1354 593 1394 urendum
608 1360 652 1393 et
665 1354 899 1402 secandum,
913 1357 969 1393 sic
984 1354 1036 1392 ad
1048 1353 1125 1391 hoc
1136 1366 1266 1401 genus
1286 1353 1510 1401 castigandi

320 1429 409 1454 raro
429 1417 627 1462 invitique
647 1417 855 1453 veniemus
875 1427 952 1452 nec
971 1427 1164 1461 umquam
1177 1415 1254 1451 nisi
1270 1416 1508 1460 necessario,

321 1479 354 1514 si
366 1475 478 1514 nulla
489 1477 716 1523 reperietur
727 1474 805 1512 alia
816 1474 1018 1512 medicina
1029 1486 1038 1519 ;
1058 1472 1131 1511 sed
1145 1477 1284 1511 tamen
1299 1475 1357 1511 ira
1370 1473 1509 1521 procul

320 1537 438 1583 absit,
448 1549 540 1574 cum
553 1549 631 1582 qua
642 1534 743 1572 nihil
753 1539 863 1572 recte
873 1534 972 1581 fieri,
981 1532 1083 1571 nihil
1095 1531 1348 1571 considerate
1359 1538 1506 1580 potest.

322 1597 516 1643 Magnam
538 1600 676 1634 autem
703 1586 886 1642 partem²
908 1593 1103 1631 clementi
1124 1594 1390 1639 castigatione
1410 1592 1509 1631 licet

321 1659 396 1704 uti,
415 1658 615 1702 gravitate
635 1660 773 1692 tamen
795 1654 999 1700 adiuncta,
1027 1658 1074 1691 ut
1099 1654 1291 1691 severitas
1317 1651 1508 1691 adhibea-

320 1722 388 1755 tur
407 1721 451 1754 et
465 1714 710 1753 contumelia
724 1714 958 1761 repellatur,
970 1718 1093 1760 atque
1110 1714 1234 1750 etiam
1248 1711 1349 1750 illud
1364 1714 1509 1760 ipsum,

321 1776 429 1825 quod
448 1775 680 1814 acerbitatis
700 1774 826 1812 habet
845 1774 1085 1820 obiurgatio,
1106 1771 1414 1819 significandum
1435 1777 1509 1819 est,

320 1840 443 1885 ipsius
463 1836 505 1874 id
526 1848 656 1881 causa,
677 1837 747 1882 qui
766 1835 1016 1880 obiurgetur,
1037 1845 1125 1871 esse
1145 1836 1388 1879 susceptum.

375 1944 492 1976 'enim
509 1942 619 1974 isdem
636 1941 786 1983 (hisdem
805 1941 832 1972 B
847 1940 898 1983 H)
916 1941 944 1972 A
961 1940 988 1971 B
1004 1939 1037 1971 H
1057 1938 1090 1980 b,
1112 1938 1262 1976 Mallem
1280 1938 1375 1970 enim
1391 1949 1509 1971 omnes

332 1989 442 2021 isdem
459 1987 487 2019 L
503 1997 534 2026 e,
553 1991 648 2018 most
665 1986 756 2017 Edd.

322 2032 567 2120 ῥαίῗειαῇνὲιξη
585 2033 704 2062 autem
720 2031 862 2072 partem
880 2027 1088 2067 Lambinus,
1110 2025 1219 2064 Edd.;
1237 2036 1370 2068 magna
1385 2028 1505 2058 autem

432 2130 505 2166 138
