1546 2294
197 838 251 872 34

203 1488 253 1522 35

569 98 769 137 CICERO
802 98 877 136 DE
907 97 1089 138 OFFICI
1094 98 1143 138 IS

274 192 373 226 quos
404 179 495 227 plus
522 179 766 227 intellegere
794 193 915 226 quam
935 193 1008 218 nos
1028 180 1270 233 arbitramur
1288 191 1468 226 quosque

276 257 319 290 et
350 252 487 290 futura
512 254 742 300 prospicere
764 252 965 290 credimus
993 257 1049 299 et,
1070 265 1163 290 cum
1182 265 1246 290 res
1266 256 1409 298 agatur
1428 253 1470 289 in

276 324 575 372 discrimenque
596 330 766 363 ventum
787 327 853 372 sit,
875 324 1067 372 expedire
1088 337 1175 362 rem
1196 329 1240 362 et
1259 323 1471 362 consilium

277 411 327 436 ex
347 403 532 445 tempore
548 410 692 445 capere
712 410 850 444 posse3
879 397 984 434 hanc
1000 400 1109 435 enim
1124 396 1268 434 utilem
1287 395 1473 434 homines

279 473 514 508 existimant
535 483 752 517 veramque
779 470 1051 518 prudentiam.
1114 469 1236 507 Iustis
1263 473 1402 507 autem
1429 473 1474 507 et

280 536 390 581 fidis¹
411 543 654 589 hominibus,
675 542 717 580 id
738 547 801 581 est
821 543 936 581 bonis
956 545 1062 586 viris,
1083 545 1141 580 ita
1161 541 1260 580 fides
1286 540 1474 587 habetur,

280 621 325 654 ut
363 615 475 653 nulla
512 618 565 653 sit
603 618 646 653 in
684 608 756 653 iis2
795 615 946 653 fraudis
991 617 1242 661 iniuriaeque
1287 615 1470 660 suspicio.

284 688 426 735 Itaque
450 688 513 726 his
533 687 706 726 salutem
727 692 920 733 nostram,
941 687 1004 725 his
1030 686 1226 733 fortunas,
1246 685 1309 724 his
1329 685 1476 724 liberos

281 764 502 799 rectissime
524 763 724 798 committi
744 761 994 798 arbitramur.

341 834 497 872 Harum
517 836 642 880 igitur
662 833 833 871 duarum
852 833 904 870 ad
932 832 1053 871 fidem
1074 831 1303 870 faciendam
1323 833 1478 869 iustitia

282 906 370 954 plus
386 906 527 954 pollet,
544 908 694 953 quippe
711 919 804 943 cum
818 919 865 943 ea
880 908 966 943 sine
983 904 1202 952 prudentia
1218 906 1313 942 satis
1329 903 1479 941 habeat

281 981 547 1024 auctoritatis,
581 978 801 1025 prudentia
834 980 921 1016 sine
955 979 1110 1015 iustitia
1145 976 1247 1014 nihil
1282 975 1391 1014 valet
1423 975 1475 1013 ad

283 1051 509 1090 faciendam
536 1051 668 1089 fidem.
730 1050 822 1098 Quo
843 1053 953 1088 enim
973 1052 1062 1097 quis
1082 1051 1279 1087 versutior
1298 1052 1342 1086 et
1365 1047 1474 1086 calli-

282 1124 382 1171 dior,
403 1124 480 1162 hoc
500 1126 663 1161 invisior
684 1128 727 1161 et
747 1125 970 1170 suspectior
990 1127 1054 1160 est
1079 1121 1265 1160 detracta
1283 1123 1474 1168 opinione

285 1198 505 1244 probitatis.
567 1195 699 1243 Quam
743 1197 795 1233 ob
841 1209 927 1234 rem
970 1194 1280 1242 intellegentiae
1322 1195 1477 1231 iustitia

284 1272 513 1315 coniuncta,
553 1273 751 1315 quantum
791 1268 913 1315 volet,
953 1267 1123 1305 habebit
1160 1266 1212 1304 ad
1250 1264 1478 1304 faciendam

285 1342 406 1380 fidem
418 1344 584 1386 virium;
604 1343 759 1379 iustitia
774 1343 861 1379 sine
882 1340 1100 1387 prudentia
1119 1338 1295 1376 multum
1315 1339 1480 1385 poterit,

285 1418 370 1453 sine
391 1417 545 1452 iustitia
565 1413 666 1451 nihil
687 1413 840 1451 valebit
859 1413 1087 1460 prudentia.

340 1482 388 1520 X.
422 1482 504 1520 Sed
543 1495 596 1519 ne
635 1484 724 1528 quis
763 1483 817 1519 sit
855 1481 1088 1526 admiratus,
1123 1492 1207 1526 cur,
1239 1491 1331 1516 cum
1368 1480 1479 1515 inter

284 1564 424 1589 omnes
450 1549 710 1597 philosophos
738 1553 899 1587 constet
925 1562 948 1585 a
974 1561 1121 1594 meque
1147 1549 1235 1594 ipso
1255 1558 1375 1593 saepe
1395 1544 1475 1583 dis-

286 1623 472 1666 putatum
504 1620 568 1664 sit,
597 1620 665 1664 qui
691 1630 814 1654 unam
843 1616 1026 1662 haberet,
1048 1627 1187 1653 omnes
1222 1613 1372 1652 habere
1398 1615 1476 1650 vir·

286 1692 407 1732 tutes,
428 1699 536 1723 nunc
557 1688 614 1723 ita
634 1687 858 1731 seiungam,
879 1686 992 1731 quasi
1012 1685 1138 1731 possit
1163 1684 1388 1729 quisquam,
1408 1683 1475 1727 qui

284 1768 364 1792 non
392 1754 502 1792 idem
529 1753 707 1800 prudens
729 1756 795 1799 sit,
815 1755 944 1790 iustus
966 1764 1067 1797 esse,
1087 1750 1166 1787 alia
1191 1754 1255 1787 est
1281 1749 1362 1795 illa,
1383 1761 1475 1786 cum

284 1825 430 1859 veritas
461 1824 547 1868 ipsa
578 1821 742 1858 limatur
771 1822 814 1857 in
841 1819 1130 1866 disputatione,
1152 1816 1367 1862 subtilitas,
1388 1815 1478 1861 alia,

282 1903 373 1927 cum
393 1889 445 1927 ad
471 1891 705 1935 opinionem
726 1899 982 1925 communem
1003 1887 1132 1923 omnis
1151 1883 1478 1922 accommodatur

328 1983 475 2025 'etfidis
494 1982 614 2019 MSS.;
633 1981 699 2013 del.
723 1980 931 2019 Faeeiolati,
950 1980 1106 2016 Pearce3
1124 1976 1174 2021 [et
1185 1975 1285 2020 fidis]
1310 1977 1380 2015 Bt„
1402 1975 1470 2009 Ed.

323 2026 391 2058 ‘21'c's
409 2027 435 2058 B
451 2039 458 2064 ;
476 2026 533 2058 his
552 2026 584 2057 H
603 2037 626 2057 a
643 2026 665 2057 b
680 2037 688 2062 ς
705 2025 776 2067 Ιιὴζς
793 2035 823 2056 e.

391 2082 470 2116 202
