1546 2294
184 341 235 380 77

563 110 764 150 CICERO
795 111 872 149 DE
902 111 1139 153 OFFICIIS

268 191 462 240 expedire
481 205 559 230 nec
585 191 687 230 utile
715 205 816 239 esse,
837 192 946 239 quod
972 196 1025 231 sit
1050 196 1266 241 iniustum;
1296 195 1374 234 hoc
1393 198 1463 244 qui

268 278 351 303 non
371 264 573 311 didicerit,
594 265 723 302 bonus
743 267 803 302 vir
823 278 911 304 esse
930 279 1013 303 non
1033 270 1196 313 poterit.

326 330 386 376 C.1
404 337 622 375 Fimbriam
635 337 887 376 consularem
902 338 1116 377 audiebam
1129 339 1182 379 de
1197 345 1312 388 patre
1327 347 1471 380 nostro

269 424 368 458 puer
406 410 583 449 iudicem
623 410 679 449 M.
722 410 887 449 Lutatio
937 411 1124 451 Pinthiae
1159 412 1295 460 fuisse,
1335 418 1463 462 equiti

271 483 450 520 Romano
479 495 576 520 sane
606 482 792 529 honesto,
813 496 906 521 cum
934 486 968 521 is
996 487 1255 531 sponsionem
1283 485 1465 533 fecisset,

268 567 309 593 Νι
328 568 396 593 vm
417 567 542 593 BONUS
563 567 686 592 ESSET.
748 554 892 602 Itaque
923 559 961 594 ei
991 556 1139 595 dixisse
1170 557 1388 596 Fimbriam
1417 572 1463 597 se

267 627 376 665 illam
405 641 493 665 rem
522 641 744 674 numquam
772 628 1057 676 iudicaturum,
1087 642 1141 668 ne
1169 635 1242 668 aut
1268 630 1464 678 spoliaret

266 701 372 738 fama
395 700 610 748 probatum
637 699 859 748 hominem,
878 704 912 740 si
936 707 1077 739 contra
1100 702 1370 750 iudicavisset,
1390 709 1463 743 aut

265 777 456 812 statuisse
476 773 685 811 videretur
704 777 834 811 virum
863 774 1016 812 bonum
1042 788 1130 814 esse
1156 775 1346 823 aliquem,
1367 789 1461 815 cum

265 860 314 884 ea
341 859 406 884 res
435 846 796 884 innumerabilibus
825 847 961 886 officiis
991 852 1035 886 et
1063 847 1249 887 laudibus
1278 851 1463 887 contine-

266 924 390 958 retur.

324 992 434 1029 Huic
462 994 588 1038 igitur
613 994 697 1028 viro
726 991 844 1038 bono,
872 1004 994 1038 quem
1020 991 1195 1030 Fimbria
1220 995 1357 1040 etiam,
1376 1006 1459 1031 non

265 1064 386 1102 modo
425 1063 610 1102 Socrates
648 1068 830 1111 noverat,
863 1063 976 1102 nullo
1009 1064 1130 1103 modo
1163 1064 1290 1104 videri
1321 1070 1460 1113 potest

267 1139 482 1184 quicquam
502 1149 589 1174 esse
610 1135 724 1182 utile,
745 1135 854 1183 quod
873 1149 956 1174 non
975 1135 1192 1175 honestum
1213 1139 1275 1175 sit.
1314 1137 1460 1184 Itaque

269 1209 360 1247 talis
388 1212 448 1246 vir
476 1222 558 1246 non
587 1208 707 1246 modo
736 1208 884 1256 facere,
904 1209 976 1247 sed
1005 1223 1058 1247 ne
1088 1212 1267 1256 cogitare
1295 1210 1462 1258 quidem

269 1284 483 1329 quicquam
523 1281 703 1327 audebit,
743 1281 852 1327 quod
895 1295 977 1318 non
1020 1282 1169 1320 audeat
1215 1283 1460 1330 praedicare.

272 1354 388 1391 Haec
417 1366 499 1391 non
527 1358 647 1400 turpe
677 1358 740 1391 est
769 1353 955 1392 dubitare
984 1353 1257 1402 philosophos,
1277 1367 1380 1402 quae
1409 1368 1463 1394 ne

268 1428 406 1464 rustici
440 1425 606 1472 quidem
645 1425 861 1463 dubitent?
896 1440 920 1463 a
953 1426 1098 1473 quibus
1131 1431 1275 1465 natum
1309 1432 1373 1465 est
1406 1427 1462 1474 id,

271 1498 378 1545 quod
399 1500 478 1535 iam
499 1500 720 1535 contritum
741 1503 804 1536 est
823 1503 1041 1545 vetustate,
1058 1499 1324 1546 proverbium.
1358 1499 1459 1538 Cum

270 1574 378 1608 enim
408 1570 530 1608 fidem
558 1570 724 1608 alicuius
754 1570 1060 1617 bonitatemque
1088 1571 1269 1618 laudant,
1290 1571 1459 1619 dignum

270 1656 357 1682 esse
377 1643 533 1689 dicunt,
548 1633 744 1689 “quicum
765 1645 806 1680 in
827 1644 1007 1681 tenebris
1028 1644 1191 1682 mices.''
1225 1644 1317 1682 Hoc
1337 1657 1458 1691 quam

270 1716 396 1753 habet
434 1718 515 1752 vim
553 1717 629 1752 nisi
670 1715 792 1761 illam,
833 1715 935 1752 nihil
979 1716 1185 1763 expedire,
1225 1716 1333 1763 quod
1376 1730 1458 1755 non

533 1838 590 1871 ¹C.
610 1838 679 1876 Bt„
701 1838 782 1877 Ed„
802 1838 937 1876 Heine;
962 1842 1023 1870 not
1041 1838 1074 1870 in
1094 1838 1196 1871 MSS.

312 1992 407 2022 aLit.
437 1992 445 2007 ‘
460 1990 551 2022 flash
576 1990 662 2021 with
687 1990 747 2021 the
771 1988 953 2030 fingers';
978 1989 1083 2020 shoot
1107 1994 1170 2021 out
1193 1999 1293 2022 some
1317 1989 1455 2032 fingers

269 2036 329 2068 the
347 2035 498 2066 number
513 2034 554 2066 of
565 2034 681 2065 which
699 2033 772 2065 had
789 2039 825 2065 to
842 2033 886 2064 be
901 2033 1073 2074 guessed.

377 2090 454 2123 348
