1546 2294
193 1038 244 1072 54

191 1649 239 1683 55

572 109 773 150 CICERO
805 109 881 149 DE
910 111 1148 154 OFFICIIS

277 182 372 222 dem
406 187 628 222 meministi
660 197 748 223 esse
779 187 889 223 inter
919 185 1106 225 homines
1132 192 1278 226 natura
1304 192 1472 229 coniun-

277 273 385 307 ctam
406 268 685 307 societatem.''

331 334 578 392 “Memini,”
610 347 770 392 inquiet
799 345 890 392 ille3
922 336 1033 385 “sed
1062 361 1162 386 num
1190 351 1270 387 ista
1299 352 1470 390 societas

276 421 367 459 talis
388 425 464 468 est,
484 426 531 459 ut
559 421 662 458 nihil
692 435 809 460 suum
839 424 1032 470 cuiusque
1062 425 1145 462 sit?
1203 424 1323 472 Quod
1351 429 1384 464 si
1413 429 1466 465 ita

279 502 355 544 est,
375 510 428 535 ne
458 497 720 536 vendendum
750 498 916 545 quidem
946 502 1163 547 quicquam
1191 507 1267 549 est,
1294 502 1368 541 sed
1395 502 1464 542 do-

273 574 493 612 nandum.”

328 650 447 688 XIII.
482 650 605 689 Vides
632 653 675 688 in
704 651 779 689 hac
810 656 899 690 tota
927 651 1223 700 disceptatione
1252 668 1335 693 non
1364 655 1465 695 illud

273 726 374 765 dici:
405 717 633 774 “Quamvis
659 726 737 765 hoc
764 732 884 775 turpe
912 730 978 776 sit,
1005 733 1159 777 tamen,
1179 734 1369 778 quoniam
1397 746 1465 771 ex-

274 803 401 850 pedit,
422 803 606 850 faciam,”
629 803 702 841 sed
721 806 779 841 ita
799 803 1004 852 expedire,
1025 810 1073 844 ut
1091 810 1211 854 turpe
1230 820 1313 845 non
1333 810 1398 855 sit,
1415 821 1464 846 ex

274 880 402 918 altera
431 885 570 919 autem
598 885 728 927 parte,
750 894 797 919 ea
826 894 883 928 re,
905 884 999 928 quia
1028 887 1148 930 turpe
1177 885 1244 931 sit,
1263 897 1347 922 non
1377 898 1463 923 esse

273 957 517 995 faciendum.

330 1033 494 1072 Vendat
513 1033 635 1072 aedes
655 1037 715 1072 vir
734 1034 863 1073 bonus
883 1040 1050 1083 propter
1075 1036 1209 1084 aliqua
1228 1040 1338 1084 vitia,
1359 1041 1461 1086 quae

272 1113 358 1158 ipse
378 1113 499 1157 norit,
521 1113 647 1149 ceteri
674 1113 878 1158 ignorent,
899 1112 1140 1159 pestilentes
1166 1115 1249 1152 sint
1275 1119 1318 1152 et
1337 1113 1459 1154 habe-

273 1192 393 1225 antur
413 1186 606 1234 salubres,
628 1189 839 1234 ignoretur
858 1190 901 1225 in
921 1189 1107 1227 omnibus
1127 1190 1321 1229 cubiculis
1339 1205 1462 1239 appa-

275 1276 363 1302 rere
393 1268 619 1310 serpentes,
638 1263 745 1302 male
773 1267 1011 1302 materiatae
1040 1257 1142 1313 sint}
1173 1268 1372 1315 ruinosae,
1392 1268 1466 1307 sed

276 1340 351 1378 hoc
381 1344 543 1387 praeter
572 1339 784 1378 dominum>
810 1353 931 1379 nemo
960 1343 1082 1387 sciat3
1111 1355 1273 1390 quaero,
1303 1345 1336 1382 si
1365 1343 1465 1383 haec

275 1417 525 1464 emptoribus
540 1415 728 1455 venditor
747 1430 830 1454 non
851 1417 1000 1456 dixerit
1014 1418 1218 1466 aedesque
1234 1419 1465 1460 vendiderit

275 1492 397 1540 pluris
426 1492 570 1539 multo,
591 1506 711 1540 quam
740 1506 783 1531 se
813 1494 1073 1532 venditurum
1102 1498 1268 1543 putarit,
1292 1509 1390 1535 num
1420 1497 1462 1536 id

272 1571 418 1607 iniuste
438 1573 510 1606 aut
528 1569 709 1616 improbe
730 1569 885 1608 fecerit.

328 1635 439 1683 “Ille
473 1644 607 1692 vero,'’
643 1648 778 1692 inquit
812 1646 1051 1693 Antipater-3
1086 1637 1218 1694 “quid
1252 1653 1315 1688 est
1349 1651 1456 1688 enim

271 1721 381 1760 aliud
402 1723 552 1759 erranti
573 1723 678 1759 viam
698 1735 780 1760 non
807 1728 1044 1769 monstrare,
1066 1723 1174 1770 quod
1194 1724 1370 1764 Athenis
1389 1738 1457 1764 ex-

271 1798 560 1838 secrationibus
591 1798 762 1845 publicis
789 1804 973 1837 sanctum
1001 1805 1076 1847 est,
1103 1802 1136 1838 si
1165 1799 1243 1849 hoc
1270 1813 1353 1839 non
1382 1807 1457 1849 est,

270 1879 496 1921 emptorem
525 1876 610 1920 pati
640 1887 757 1912 ruere
787 1879 831 1912 et
859 1887 933 1922 per
962 1888 1138 1913 errorem
1167 1877 1209 1914 in
1240 1878 1452 1914 maximam

272 1946 452 1984 fraudem
473 1947 701 1985 incurrere?
762 1946 854 1985 Plus
875 1950 998 1985 etiam
1019 1953 1081 1986 est
1101 1960 1220 1995 quam
1241 1950 1345 1986 viam
1370 1961 1452 1987 non

426 2045 524 2078 'sint
542 2043 625 2084 Bt.¹,
649 2045 729 2085 Ed„
751 2045 866 2077 Heine
881 2058 889 2083 ς
906 2049 969 2078 not
985 2045 1020 2078 in
1038 2045 1158 2085 MSS„
1179 2045 1249 2079 Bo.

374 2101 453 2134 322
