1546 2294
246 1142 299 1183 93

621 85 822 125 CICERO
852 86 930 124 DE
959 87 1196 127 OFFICIIS

382 165 532 204 XXIV.
567 166 690 204 Pacta
710 172 754 205 et
773 170 966 214 promissa
981 182 1195 216 semperne
1210 169 1406 210 servanda
1425 173 1524 217 sint,

325 259 428 289 QUAE
448 259 525 284 Nnc
540 260 579 285 vx
601 259 677 284 NEC
698 260 799 285 DOLO
821 260 940 296 MALo,
953 254 1001 287 ut
1016 255 1223 297 praetores
1238 250 1384 299 solent,
1400 263 1525 290 rAc'rA

326 338 426 364 smr.

386 407 429 446 Si
456 411 545 455 quis
564 409 912 448 medicamentum
933 413 1107 458 cuipiam
1129 410 1292 450 dederit
1311 412 1364 451 ad
1383 425 1527 460 aquam

328 492 577 528 intercutem
609 493 908 538 pepigeritque,
933 494 966 530 si
997 505 1046 530 eo
1077 492 1377 532 medicamento
1408 507 1528 532 sanus

329 570 460 609 factus
491 576 612 618 esset,
639 586 693 610 ne
728 572 797 609 illo
831 573 1132 611 medicamento
1163 587 1355 621 umquam
1384 579 1528 622 postea

330 657 530 699 uteretur,
571 655 603 690 si
644 666 692 690 eo
731 653 1033 691 medicamento
1072 667 1191 692 sanus
1226 654 1358 694 factus
1395 658 1450 694 sit
1483 660 1528 694 et

329 736 446 771 annis
466 734 621 780 aliquot
649 739 753 781 post.
768 734 959 772 inciderit
985 737 1028 772 in
1049 735 1227 773 eundem
1246 737 1432 775 morbum
1451 749 1530 775 nec

329 814 380 852 ab
394 827 455 861 eo,
466 817 629 861 quicum
641 818 868 862 pepigerat,
881 818 1089 862 impetret,
1099 821 1145 854 ut
1161 819 1310 854 iterum
1323 830 1371 855 eo
1380 808 1396 833 ¹
1408 817 1531 856 liceat

331 898 404 942 uti,
427 895 525 942 quid
551 895 784 934 faciendum
811 899 874 934 sit.
936 896 1038 934 Cum
1058 900 1111 935 sit
1130 900 1163 935 is
1183 897 1440 946 inhumanus,
1460 901 1530 946 qui

329 990 412 1014 non
433 976 645 1024 concedat,
664 990 741 1014 nec
763 980 801 1015 ei
821 980 1036 1024 quicquam
1058 977 1127 1016 fiat
1152 980 1335 1026 iniuriae,
1356 981 1462 1018 vitae
1485 984 1528 1018 e*

330 1058 450 1095 saluti
470 1057 775 1095 consulendum.
926 1049 927 1052 Ἰ

387 1137 522 1186 Quid?
557 1141 589 1176 si
621 1141 690 1185 qui
716 1141 875 1186 sapiens
902 1144 1066 1186 rogatus
1091 1142 1145 1178 sit
1169 1140 1221 1178 ab
1247 1153 1309 1188 e0,
1329 1144 1399 1188 qui
1429 1155 1523 1180 eum

330 1219 526 1257 heredem
547 1218 681 1265 faciat,
703 1233 795 1256 cum
816 1222 854 1257 ei
874 1225 1123 1258 testamento
1143 1223 1377 1259 sestertium
1395 1222 1529 1261 milies

332 1300 597 1347 relinquatur,
626 1305 685 1346 ut,
713 1306 809 1338 ante
834 1314 955 1347 quam
980 1300 1254 1339 hereditatem
1277 1302 1411 1350 adeat,
1438 1303 1533 1342 luce

333 1380 466 1428 palam
491 1383 534 1417 in
562 1379 648 1417 foro
675 1380 811 1427 saltet,
831 1380 955 1428 idque
983 1394 1025 1419 se
1057 1381 1258 1419 facturum
1287 1386 1532 1431 promiserit,

332 1461 441 1508 quod
473 1461 592 1499 aliter
611 1460 807 1499 heredem
829 1475 922 1499 eum
950 1464 1171 1508 scripturus
1198 1461 1268 1500 ille
1297 1475 1380 1500 non
1407 1470 1530 1512 esset,

331 1543 467 1588 faciat,
494 1541 603 1588 quod
634 1544 876 1589 promiserit,
897 1542 1054 1580 necne'?
1115 1541 1344 1582 Promisisse
1373 1544 1525 1584 nollem

331 1627 375 1661 et
394 1622 436 1660 id
456 1622 627 1660 arbitror
647 1622 770 1660 fuisse
797 1625 1028 1669 gravitatis;
1058 1625 1248 1669 quoniam
1274 1626 1471 1673 promisit,
1491 1629 1524 1665 si

329 1704 477 1742 saltare
504 1706 546 1741 in
571 1703 657 1741 foro
685 1709 804 1751 turpe
832 1704 969 1751 ducet,
997 1703 1207 1742 honestius
1234 1708 1471 1755 mentietur,
1492 1710 1523 1746 si

329 1800 380 1824 ex
399 1785 630 1823 hereditate
646 1785 748 1823 nihil
765 1788 934 1833 ceperit,
949 1798 1070 1832 quam
1086 1788 1118 1823 si
1139 1788 1308 1833 ceperit,
1321 1789 1399 1825 nisi
1418 1786 1524 1827 forte

380 1882 530 1914 'iterum
547 1892 583 1914 eo
601 1881 749 1920 Pearcc,
771 1881 880 1920 Edd.;
899 1881 983 1914 item
999 1892 1035 1913 eo
1054 1881 1080 1912 B
1101 1880 1134 1912 H
1153 1891 1175 1913 a
1193 1880 1234 1919 bg
1252 1881 1336 1914 item
1354 1884 1430 1915 tum
1446 1893 1476 1915 c.

635 2018 960 2060 ‘Approximately
977 2015 1170 2059 AE750‚ooo.

422 2069 499 2109 368
