1546 2294
592 82 792 122 CICERO
824 84 900 122 DE
929 84 1166 125 OFFICIIS

297 162 395 210 quid
421 167 706 212 praestantius,
727 166 826 212 quid
850 166 1004 204 homini
1027 167 1186 214 melius,
1205 168 1304 215 quid
1323 167 1488 207 homine

297 236 484 283 dignius?
513 237 634 275 Hanc
661 240 786 285 igitur
812 241 881 286 qui
909 232 1138 287 expetunt)
1163 240 1392 289 philosophi
1418 255 1490 280 no-

298 311 518 356 minantur,
551 322 629 347 nec
663 313 878 357 quicquam
913 311 1023 350 aliud
1061 317 1125 351 est
1158 298 1426 361 philosophia,
1457 315 1491 352 si

298 367 558 428 interpretari
575 382 687 429 velis,
702 388 865 430 praeter
885 384 1066 422 studium
1082 388 1316 433 sapientiae.
1376 385 1490 434 Sapi—

298 457 410 492 entia
429 459 566 492 autem
588 460 663 502 est,
676 461 723 494 ut
742 469 765 493 a
781 457 987 495 veteribus
1006 457 1256 505 philosophis
1276 458 1490 497 definitum

297 531 373 574 est,
398 540 532 565 rerum
563 527 788 566 divinarum
818 534 861 566 et
889 528 1156 568 humanarum
1186 544 1490 579 causarumque,

297 600 441 649 quibus
466 613 537 638 eae
562 614 625 639 res
649 604 925 649 continentur,
952 605 1142 648 scientia3
1170 606 1283 642 cuius
1309 603 1489 643 studium

297 675 366 720 qui
400 676 616 720 vituperat,
649 674 757 712 haud
792 688 887 713 sane
927 675 1138 723 intellego,
1177 676 1372 724 quidnam
1421 679 1488 724 sit,

243 745 268 785 6
298 745 406 792 quod
425 745 673 784 laudandum
694 752 820 794 putet
885 748 990 788 Nam
1017 751 1100 787 sive
1127 748 1348 787 oblectatio
1367 762 1490 797 quae-

298 822 400 857 ritur
423 822 546 857 animi
572 823 814 868 requiesque
842 835 1041 869 curarum,
1061 835 1165 870 quae
1196 822 1371 861 conferri
1397 836 1490 862 cum

297 901 436 925 eorum
455 879 608 926 'studiis
634 893 783 935 potest,
803 892 872 936 qui
897 902 1057 936 semper
1083 890 1236 937 aliquid
1255 893 1490 938 anquirunt,

296 955 403 1003 quod
425 960 585 1003 spectet
610 961 653 994 et
675 957 806 994 valeat
824 957 877 996 ad
896 958 1002 996 bene
1023 958 1225 1006 beateque
1245 958 1489 997 vivendum?

296 1027 380 1062 sive
409 1027 511 1062 ratio
541 1027 793 1063 constantiae
817 1027 1059 1073 virtutisque
1089 1026 1264 1074 ducitur,
1287 1032 1359 1065 aut
1387 1026 1490 1081 haec
1532 1015 1533 1018 Ἰ

296 1105 358 1130 ars
379 1097 443 1130 est
462 1096 533 1129 aut
552 1091 664 1130 nulla
683 1095 861 1140 omnino,
882 1106 955 1140 per
974 1107 1094 1141 quam
1122 1107 1189 1132 eas
1215 1107 1490 1149 assequamur.¹

297 1159 461 1198 Nullam
491 1160 627 1198 dicere
657 1163 921 1198 maximarum
948 1175 1083 1199 rerum
1109 1166 1241 1200 artem
1266 1175 1369 1209 esse,
1395 1175 1485 1202 cum

296 1230 552 1266 minimarum
577 1231 663 1266 sine
688 1234 775 1266 arte
802 1228 913 1267 nulla
937 1232 1003 1275 sit,
1023 1229 1234 1268 hominum
1260 1235 1324 1269 est
1347 1243 1486 1278 parum

297 1296 552 1334 considerate
591 1296 845 1343 loquentium
884 1302 1007 1344 atque
1050 1300 1092 1335 in
1138 1300 1322 1336 maximis
1369 1296 1490 1337 rebus

297 1367 530 1403 errantium.
591 1364 633 1403 Si
665 1369 803 1403 autem
830 1370 894 1402 est
918 1365 1051 1412 aliqua
1075 1365 1288 1414 disciplina
1314 1368 1490 1414 virtutis,

296 1433 365 1471 ubi
386 1446 434 1471 ea
453 1437 683 1480 quaeretur,
700 1446 791 1470 cum
811 1433 862 1470 ab
877 1432 954 1470 hoc
974 1433 1155 1482 discendi
1171 1446 1325 1480 genere
1339 1433 1488 1473 disces-

296 1500 419 1539 seris?
470 1551 473 1554 Δ

320 1605 322 1607 ,
352 1568 433 1607 Sed
454 1568 569 1615 haec,
585 1582 677 1606 cum
697 1568 748 1606 ad
769 1568 1064 1616 philosophiam
1086 1568 1356 1616 cohortamur,
1369 1582 1485 1608 accu-

27 1643 213 1683 Hprtensius,
229 1646 264 1673 de
294 1640 418 1675 ratius
460 1637 657 1683 disputari
706 1636 853 1683 solent,
892 1637 999 1683 quod
1039 1637 1117 1675 alio
1161 1637 1336 1685 quodam
1383 1637 1498 1685 libro>

27 1677 193 1710 D1v..11,.
295 1705 486 1749 fecimus;
516 1703 593 1741 hoc
627 1708 765 1742 autem
789 1709 973 1752 tempore
1006 1710 1166 1742 tantum
1198 1705 1313 1743 nobis
1351 1705 1487 1743 decla-

294 1773 465 1813 randum
495 1772 585 1818 fuit,
606 1785 677 1810 cur
705 1772 836 1810 orbati
866 1775 924 1810 rei
954 1773 1139 1820 publicae
1167 1773 1402 1811 muneribus
1431 1772 1483 1812 ad

294 1843 369 1880 hoc
390 1854 463 1878 nos
483 1839 662 1878 studium
683 1842 936 1886 potissimum
958 1840 1277 1880 contulissemus.

236 1913 260 1953 7
348 1910 585 1948 Occurritur
618 1913 756 1946 autem
792 1909 920 1954 nobis,
955 1913 999 1946 et
1025 1908 1191 1955 quidem
1225 1922 1249 1946 a
1279 1908 1409 1947 doctis
1439 1912 1484 1947 et

386 2021 577 2062 ¹expetunt
593 2020 620 2051 L
636 2030 655 2051 c
672 2030 707 2062 p,
727 2019 837 2057 Edd.;
853 2022 1024 2062 expetant
1042 2019 1073 2051 H
1087 2031 1095 2057 ;
1111 2023 1301 2063 expectant
1316 2020 1343 2052 B
1359 2030 1382 2052 a
1398 2013 1433 2054 b.

407 2076 481 2112 172
498 2110 500 2112 ,
