1546 2294
579 105 779 145 CICERO
808 107 887 144 DE
917 107 1100 147 OFFICI
1105 108 1154 148 IS

284 199 385 233 quos
419 199 501 224 non
536 186 705 234 debent,
738 193 811 226 aut
844 201 926 237 eos,
960 202 1060 236 quos
1095 204 1178 229 non
1217 191 1406 239 expedit3
1447 194 1486 231 si‘

284 253 579 301 imprudentes,
608 254 899 302 neglegentiae
930 261 1006 304 est,
1033 260 1066 295 si
1096 260 1286 306 scientes,
1315 262 1480 298 temeri-

285 325 391 360 tatis.
445 322 657 361 Utendum
679 326 803 361 etiam
824 329 887 362 est
907 328 1167 364 excusatione
1187 326 1378 366 adversus
1398 340 1480 375 eos,

285 402 384 436 quos
413 392 564 428 invitus
593 389 785 439 offendas,
816 405 1070 440 quacumque
1099 396 1239 441 possis,
1269 407 1393 442 quare
1422 394 1478 442 id,

285 457 393 505 quod
409 457 567 504 feceris,
583 471 750 497 necesse
766 458 891 498 fuerit
905 473 983 498 nec
998 460 1118 499 aliter
1135 460 1269 500 facere
1285 465 1477 509 potueris,

284 528 513 572 ceterisque
546 528 678 573 operis
710 531 754 564 et
785 526 922 565 officiis
954 530 1032 565 erit
1063 527 1119 576 id,
1146 529 1255 576 quod
1281 529 1476 568 violatum

284 585 521 641 videbitur,1
541 594 896 641 compensandum.

339 661 431 700 XX.
465 661 547 700 Sed
578 675 670 700 cum
700 665 743 700 in
774 662 1005 702 hominibus
1036 664 1220 703 iuvandis
1245 669 1317 704 aut
1344 678 1477 704 mores

285 732 459 777 spectari
474 734 545 768 aut
560 729 722 768 fortuna
741 730 882 778 soleat,
896 731 1008 770 dictu
1025 732 1190 779 quidem
1206 737 1270 771 est
1287 733 1478 781 proclive,

285 800 423 844 itaque
450 797 569 845 volgo
598 797 834 846 loquuntur,
862 812 905 837 se
934 802 978 836 in
1004 799 1210 839 beneficiis
1236 800 1480 840 collocandis

285 878 416 904 mores
454 865 678 912 hominum,
717 878 800 904 non
843 866 1048 905 fortunam
1086 871 1211 915 sequi.
1291 868 1479 908 Honesta

284 937 412 972 oratio
433 939 515 980 est3
545 933 617 972 sed
637 936 726 981 quis
747 939 811 973 est
829 935 1010 982 tandem,
1032 938 1101 983 qui
1121 938 1252 984 inopis
1273 942 1316 975 et
1334 940 1477 986 optimi

283 1005 356 1041 viri
388 1015 531 1040 causae
563 1015 646 1040 non
677 1007 901 1050 anteponat
927 1006 970 1041 in
997 1017 1118 1051 opera
1143 1003 1278 1043 danda
1301 1008 1473 1053 gratiam

284 1070 481 1109 fortunati
515 1075 558 1108 et
591 1071 798 1118 potentis?
837 1085 861 1109 a
899 1084 978 1118 quo
1017 1074 1127 1110 enim
1165 1073 1393 1120 expeditior
1429 1079 1474 1113 et

285 1138 453 1177 celerior
483 1140 756 1176 remuneratio
787 1138 874 1177 fore
900 1138 1075 1187 videtur,
1101 1142 1144 1177 in
1170 1153 1263 1178 eum
1294 1140 1381 1180 fere
1412 1146 1476 1180 est

285 1206 471 1245 voluntas
495 1211 632 1244 nostra
655 1210 901 1254 propensior.
963 1207 1045 1246 Sed
1071 1208 1476 1248 animadvertendum

286 1279 349 1313 est
387 1273 637 1320 diligentius,
673 1287 776 1320 quae
810 1279 954 1312 natura
987 1287 1122 1313 rerum
1155 1278 1218 1314 sit.
1278 1276 1479 1316 Nimirum

286 1345 396 1381 enim
434 1344 550 1389 inops
588 1341 672 1388 ille,
708 1344 742 1380 si
775 1342 904 1380 bonus
939 1348 1002 1381 est
1032 1346 1104 1390 vir,
1136 1346 1296 1382 etiamsi
1328 1345 1480 1384 referre

285 1413 458 1458 gratiam
476 1422 559 1447 non
579 1414 728 1456 potest,
750 1409 900 1448 habere
921 1415 1033 1448 certe
1052 1415 1199 1458 potest.
1260 1412 1479 1452 Commode

285 1483 437 1525 autem,
453 1480 698 1524 quicumque
718 1477 836 1524 dixit,
852 1467 878 1485 “
891 1481 1104 1526 pecuniam
1124 1481 1194 1526 qui
1213 1479 1374 1528 habeat,
1394 1494 1475 1519 non

286 1545 523 1591 reddidisse,
563 1547 632 1591 qui
680 1544 918 1592 reddiderit,
966 1558 1048 1583 non
1092 1545 1256 1594 habere,
1303 1550 1475 1595 gratiam

284 1619 422 1652 autem
440 1618 495 1660 et,
509 1615 577 1660 qui
590 1612 811 1660 rettulerit,
824 1605 999 1651 habere²
1015 1618 1071 1661 et,
1087 1616 1156 1660 qui
1168 1613 1330 1663 habeat,
1345 1620 1475 1654 rettu-

284 1681 414 1719 lisse.’'

340 1749 398 1787 At
424 1751 493 1795 qui
519 1761 563 1786 se
590 1747 829 1795 locupletes,
850 1748 1080 1796 honoratos,
1101 1750 1242 1788 beatos
1262 1756 1422 1799 putant,
1450 1755 1475 1790 ii

284 1831 337 1855 ne
376 1816 545 1863 obligari
583 1815 749 1863 quidem
783 1816 981 1854 beneficio
1014 1817 1178 1864 volunt;
1222 1821 1320 1865 quin
1355 1822 1478 1858 etiam

285 1884 526 1923 beneficium
547 1896 589 1922 se
611 1883 771 1921 dedisse
791 1884 1052 1931 arbitrantur,
1074 1898 1165 1922 cum
1193 1887 1268 1932 ipsi
1295 1890 1475 1933 quamvis

369 1992 571 2026 ¹videbitur
588 1992 615 2024 L
631 2003 650 2024 c
668 2003 702 2033 p,
723 1991 832 2030 Edd.;
857 1996 919 2024 not
937 1992 969 2023 in
990 1993 1017 2024 B
1038 1993 1071 2024 H
1091 1993 1127 2031 b;
1152 1996 1214 2032 est,
1233 2005 1266 2027 a.

370 2036 550 2079 ’gratiam
563 2061 571 2068 .
588 2060 596 2067 .
614 2060 621 2068 .
639 2035 764 2067 habere
782 2036 808 2067 L
825 2046 843 2067 c
861 2047 894 2077 p,
915 2036 1024 2074 Edd.;
1050 2042 1111 2068 not
1129 2037 1162 2068 in
1183 2038 1209 2069 B
1229 2037 1263 2069 H
1281 2049 1304 2070 a
1320 2037 1354 2071 b.

391 2093 470 2125 242
