1546 2294
205 305 255 344 19

206 1151 259 1185 20

575 58 774 96 CICERO
806 57 881 95 DE
911 56 1148 96 OFFICIIS

280 145 476 186 tantaque
505 153 637 186 poena
665 139 893 185 afficiamus,
914 142 1107 185 quantam
1131 140 1314 185 aequitas
1333 136 1474 175 huma-

283 224 469 267 nitasque
489 223 653 267 patitur.

342 300 411 338 Vl.
458 298 616 347 Quibus
661 304 800 337 autem
837 298 1060 336 rationibus
1098 298 1204 336 hanc
1242 297 1479 335 facultatem

285 383 443 427 assequi
463 382 672 428 possimus,
693 384 741 417 ut
766 379 976 416 hominum
1004 377 1138 416 studia
1164 376 1483 425 complectamur

287 471 415 505 eaque
436 462 661 503 teneamus,
682 456 877 502 dicemus,
899 467 1034 501 neque
1054 457 1112 492 ita
1130 453 1260 492 multo
1281 458 1386 501 post,
1407 451 1479 490 sed

287 547 414 582 pauca
433 538 529 571 ante
547 532 720 571 dicenda
741 536 847 569 sunt.

345 610 538 657 Magnam
554 612 634 647 vim
656 622 743 647 esse
763 611 806 646 in
826 607 990 645 fortuna
1009 610 1051 645 in
1072 612 1287 653 utramque
1307 609 1480 653 partem,

288 687 352 725 vel
375 686 571 724 secundas
590 684 643 722 ad
663 697 726 722 res
747 683 811 722 vel
831 683 1032 729 adversas,
1049 685 1138 730 quis
1157 682 1342 729 ignorat?
1378 680 1482 718 Nam

291 769 347 810 et,
369 776 460 800 cum
481 774 673 809 prospero
694 760 789 798 flatu
819 762 905 798 eius
932 762 1098 804 utimur,
1117 758 1170 796 ad
1190 760 1323 796 exitus
1344 769 1486 804 perve-

289 840 424 877 himur
462 843 622 886 optatos
661 842 717 883 et,
750 850 842 874 cum
882 834 1049 881 reflavit,
1083 834 1305 881 affligimur.
1367 832 1484 870 Haec

289 919 414 963 igitur
433 918 520 963 ipsa
539 914 702 952 fortuna
726 918 882 951 ceteros
910 925 1023 950 casus
1049 913 1218 948 rariores
1244 908 1383 955 habet,
1403 910 1483 955 pri—

289 1006 401 1031 mum
430 992 481 1029 ab
510 993 697 1028 inanimis
727 988 936 1036 proeellas,
956 991 1239 1034 tempestates,
1260 984 1481 1032 naufragia,

288 1072 436 1115 ruinas,
461 1067 663 1114 incendia,
684 1065 836 1104 deinde
862 1078 886 1102 a
912 1065 1054 1102 bestiis
1080 1066 1198 1110 ictus,
1218 1074 1386 1107 morsus,
1406 1063 1480 1098 im-

289 1151 428 1194 petus3
459 1144 559 1182 haec
580 1156 690 1190 ergo,
711 1147 758 1180 ut
778 1141 875 1188 dixi,
895 1143 1053 1178 rariora.
1106 1139 1164 1177 At
1178 1151 1274 1176 vero
1293 1139 1483 1175 interitus

290 1224 556 1266 exercituum,
575 1224 623 1256 ut
642 1221 823 1265 proxime
847 1219 984 1260 trium,
1006 1228 1126 1262 saepe
1150 1213 1384 1259 multorum,
1405 1212 1484 1250 cla-

290 1299 363 1337 des
382 1300 684 1344 imperatorum,
705 1299 752 1332 ut
772 1306 902 1340 nuper
928 1293 1073 1330 summi
1099 1296 1142 1328 et
1165 1289 1378 1336 singularis
1398 1291 1484 1334 viri,

290 1374 465 1413 invidiae
495 1376 706 1420 praeterea
734 1368 1010 1407 multitudinis
1039 1372 1162 1414 atque
1192 1366 1244 1404 ob
1276 1378 1343 1404 eas
1378 1365 1483 1402 bene

289 1453 527 1490 meritorum
562 1460 682 1494 saepe
722 1449 869 1483 civium
909 1443 1181 1491 expulsiones,
1217 1441 1481 1486 calamitates,

261 1556 269 1566 .
289 1528 423 1574 fugae,
463 1536 679 1570 rursusque
719 1521 922 1560 secundae
961 1533 1039 1566 res,
1078 1519 1265 1564 honores,
1299 1519 1480 1564 imperia,

288 1605 492 1648 victoriae,
520 1611 763 1647 quamquam
788 1597 957 1635 fortuita
987 1600 1095 1641 sunt,
1126 1599 1264 1632 tamen
1293 1596 1380 1631 sine
1410 1592 1481 1630 ho·

289 1683 443 1718 minum
473 1677 616 1724 opibus
647 1679 690 1713 et
719 1673 863 1712 studiis
894 1677 1083 1710 neutram
1114 1673 1156 1708 in
1188 1674 1345 1717 partem
1381 1669 1482 1707 effici

289 1758 467 1804 possunt.

346 1832 438 1869 Hoc
464 1831 589 1876 igitur
619 1828 784 1873 cognito
811 1823 1031 1863 dicendum
1060 1827 1136 1868 est,
1157 1833 1333 1868 quonam
1361 1819 1483 1857 modo

288 1909 498 1946 hominum
526 1903 660 1942 studia
683 1902 734 1940 ad
762 1901 961 1939 utilitates
989 1903 1145 1936 nostras
1174 1897 1337 1935 allicere
1356 1900 1480 1942 atque

288 1987 464 2022 excitare
500 1983 707 2029 possimus.
770 1977 886 2024 Quae
921 1979 952 2014 si
988 1975 1146 2022 longior
1180 1973 1304 2011 suerit
1337 1974 1479 2018 oratio,

402 2040 477 2080 186
