1546 2294
185 587 260 620 100

182 1202 253 1236 101

176 1761 252 1795 102

581 110 782 150 CICERO
813 111 889 149 DE
919 112 1156 152 OFFICIIS

284 193 418 237 gantis
432 195 507 238 est,
517 191 588 229 sed
602 194 725 229 etiam
738 195 902 230 omnino
913 193 1108 232 dissoluti.
1125 194 1200 233 Est
1211 200 1362 243 autem,
1371 196 1479 244 quod

286 246 447 284 differat
465 249 507 284 in
527 247 737 285 hominum
757 251 914 286 ratione
934 249 1123 288 habenda
1150 253 1260 289 inter
1284 254 1482 290 iustitiam

288 308 332 340 et
360 303 656 341 verecundiam.
717 303 902 342 Iustitiae
929 311 1065 352 partes
1092 312 1189 345 sunt
1213 320 1298 345 non
1331 308 1480 347 violare

291 359 489 406 homines,
503 359 771 397 verecundiae
787 374 870 398 non
882 361 1109 408 offendere3
1135 365 1178 400 in
1204 376 1284 410 quo
1309 367 1484 403 maxime

291 418 349 452 vis
369 418 612 462 perspicitur
631 415 777 453 decori.

349 471 426 508 His
460 474 586 517 igitur
619 474 825 519 expositis,
860 473 979 519 quale
1018 475 1071 511 sit
1109 474 1164 521 id,
1195 475 1304 522 quod
1335 475 1482 514 decere

290 526 473 573 dicimus,
495 527 753 565 intellectum
774 533 883 575 puto.

347 583 534 620 Officium
553 589 704 630 autem,
726 584 833 630 quod
853 585 904 622 ab
925 598 974 622 eo
994 585 1168 632 ducitur,
1180 585 1286 624 hanc
1306 590 1479 634 primum

290 638 415 676 habet
434 642 552 685 viam,
573 653 675 686 quae
696 640 864 678 deducit
889 641 941 678 ad
968 645 1294 680 convenientiam
1321 657 1480 682 conser-

290 697 574 742 vationemque
613 700 802 741 naturae3
841 710 961 743 quam
1000 700 1033 735 si
1071 711 1288 745 sequemur
1320 699 1479 746 ducem,

288 764 510 797 numquam
547 751 821 790 aberrabimus
860 765 1156 800 sequemurque
1195 759 1239 792 et
1275 755 1331 802 id,
1371 756 1479 802 quod

288 812 453 844 acutum
483 812 526 844 et
555 811 763 854 perspicax
793 813 937 846 natura
967 814 1042 856 est,
1063 814 1107 847 et
1132 809 1188 857 id,
1208 810 1316 857 quod
1335 811 1388 849 ad
1407 811 1478 849 ho-

289 865 445 900 minum
472 866 813 901 consociationem
840 865 1202 912 accommodatum,
1223 871 1268 904 et
1292 866 1348 913 id,
1369 867 1478 914 quod

290 918 510 956 vehemens
538 924 662 965 atque
692 919 809 957 forte.
871 920 952 958 Sed
978 924 1153 959 maxima
1180 925 1239 960 vis
1267 922 1404 960 decori
1434 925 1476 960 in

288 974 364 1011 hac
395 977 504 1013 inest
536 980 665 1021 parte,
692 975 744 1013 de
776 989 855 1022 qua
887 976 1160 1023 disputamus;
1199 991 1333 1025 neque
1365 981 1474 1016 enim

288 1030 418 1068 solum
438 1034 627 1077 corporis,
648 1034 716 1077 qui
737 1031 789 1069 ad
809 1037 995 1069 naturam
1017 1037 1103 1080 apti
1126 1039 1234 1080 sunt,
1255 1034 1327 1072 sed
1346 1034 1476 1072 multo

287 1089 411 1123 etiam
449 1090 577 1133 magis
614 1090 739 1124 animi
770 1093 905 1125 motus
939 1089 1148 1135 probandi,
1182 1092 1252 1136 qui
1289 1092 1390 1128 item
1422 1091 1474 1129 ad

285 1147 472 1179 naturam
491 1143 784 1180 accommodati
805 1149 911 1181 sunt.

347 1198 511 1245 Duplex
543 1203 606 1236 est
639 1202 750 1236 enim
781 1202 839 1237 vis
872 1202 1098 1238 animorum
1130 1206 1254 1248 atque
1287 1206 1451 1247 natura3

287 1267 367 1291 una
386 1267 477 1301 pars
496 1257 539 1291 in
558 1258 744 1301 appetitu
760 1261 889 1302 posita
905 1261 980 1301 est,
996 1269 1099 1302 quae
1115 1262 1178 1294 est
1194 1256 1290 1304 ὁρμή
1307 1257 1478 1304 Graece,

286 1323 389 1356 quae
410 1309 616 1347 hominem
644 1310 724 1348 huc
751 1315 794 1348 et
820 1311 916 1349 illuc
943 1315 1062 1358 rapit,
1082 1312 1211 1350 altera
1236 1315 1279 1350 in
1305 1316 1478 1360 ratione,

285 1379 388 1412 quae
408 1365 531 1404 docet
550 1359 616 1404 et²
637 1366 840 1413 explanat,
857 1367 954 1414 quid
970 1367 1202 1406 faciendum
1217 1368 1477 1415 fugiendum-

285 1414 391 1468 que³
409 1424 472 1460 sit.
535 1421 599 1460 Ita
625 1422 683 1469 fit,
704 1427 751 1460 ut
776 1425 879 1461 ratio
905 1426 1069 1470 praesit,
1090 1427 1297 1471 appetitus
1317 1425 1476 1463 obtem-

284 1482 412 1524 peret.

340 1533 491 1571 XXIX.
525 1533 669 1572 Omnis
702 1540 839 1572 autem
873 1537 979 1572 actio
1012 1549 1152 1573 vacare
1186 1535 1314 1574 debet
1345 1541 1475 1574 teme-

284 1592 404 1627 ritate
444 1595 487 1627 et
525 1589 790 1637 neglegentia
832 1603 908 1628 nec
947 1604 1042 1628 vero
1082 1604 1204 1638 agere
1247 1595 1474 1639 quicquam,

284 1648 396 1683 cuius
424 1658 507 1683 non
536 1648 662 1692 possit
691 1659 850 1683 causam
879 1647 1129 1693 probabilem
1152 1647 1345 1694 reddere;
1375 1647 1476 1686 haec

284 1706 347 1739 est
367 1704 477 1738 enim
497 1701 583 1739 fere
603 1694 837 1749 discriptio⁴
855 1702 982 1739 officii.

339 1757 606 1795 Efficiendum
657 1763 795 1795 autem
848 1763 923 1804 est,
976 1763 1023 1796 ut
1073 1761 1279 1806 appetitus
1331 1761 1476 1797 rationi

1460 1195 1473 1220 1

333 1872 488 1904 ¹natura
506 1872 616 1910 Edd.;
633 1875 788 1904 naturae
805 1872 910 1905 MSS.

332 1915 393 1948 ²et
408 1917 437 1948 L
453 1927 483 1954 c,
504 1916 614 1954 Edd.;
632 1922 693 1948 not
709 1916 742 1947 in
760 1917 791 1947 A
808 1917 833 1947 Β
851 1917 883 1948 H
903 1916 937 1948 b.

332 1959 345 1980 ³
346 1960 637 2002 fugiendumque
653 1960 684 1991 A
702 1960 730 1991 Β
750 1960 782 1991 H
802 1971 823 1991 a
842 1960 881 1997 b;
890 1961 1157 2011 ficgiendumve
1174 1960 1202 1992 L
1217 1971 1237 1993 c
1254 1971 1288 2003 p.

286 2003 536 2079 H⁴.d²'⁸mffl²'⁰
561 2005 588 2036 B
614 2003 662 2043 H,
684 2002 771 2042 Bt.¹;
787 2004 973 2046 descmptzo
988 2004 1020 2036 A
1044 2005 1073 2036 L
1095 2015 1118 2037 a
1136 2004 1159 2037 b
1174 2015 1205 2043 c,
1226 2003 1312 2044 Bt.²,
1331 2005 1472 2045 Mtiuer,

325 2058 413 2079 eme.

396 2103 472 2135 10⁶.)
