1546 2294
619 121 820 162 CICERO
851 123 928 161 DE
957 123 1194 165 OFFICIIS

327 201 467 240 Ullum
492 206 539 240 tu
564 201 688 241 decus
714 205 757 240 in
786 203 998 242 cotidianis
1027 204 1230 245 laboribus
1258 211 1303 246 et
1330 210 1520 256 periculis

323 271 415 296 cum
434 257 510 295 hac
530 258 827 305 tranquillitate
848 260 1141 299 conferendum
1164 263 1310 310 putas?

379 313 468 360 Ego
501 327 596 352 vero
633 317 752 353 istam
790 317 1133 356 contemnendam
1171 323 1216 357 et
1251 319 1519 368 abiciendam,

322 373 525 417 quoniam,
556 383 660 417 quae
689 370 862 409 honesta
890 385 973 410 non
1001 376 1066 420 sit,
1096 387 1150 412 ne
1179 374 1325 414 utilem
1353 375 1518 423 quidem

239 430 290 470 98
323 439 410 464 esse
429 426 611 464 arbitror.
654 425 765 473 Quid
784 430 894 465 enim
908 427 1141 467 auditurum
1155 435 1274 478 putas
1289 430 1412 471 fuisse
1431 432 1518 471 Uli-

322 495 428 528 xem,
437 484 470 519 si
482 484 525 519 in
537 481 606 520 illa
617 482 874 522 simulatione
886 488 1223 531 perseveravisset
1232 487 1247 524 ?
1256 490 1324 534 qui
1333 501 1424 526 cum
1432 501 1516 526 ma-

321 541 447 576 ximas
459 550 523 576 res
534 541 707 585 gesserit
718 541 761 576 in
773 539 895 587 bello,
902 545 1042 579 tamen
1049 541 1150 580 haec
1162 542 1301 582 audiat
1312 543 1363 582 ab
1375 543 1514 583 Aiace:

117 616 231 649 (Accius
244 624 275 643 or
409 602 530 640 Cuius
550 604 636 650 ipse
656 605 844 651 princeps
864 605 960 642 iuris
980 605 1138 643 iurandi
1158 605 1250 653 fuit,

113 650 267 718 ξξὲῗζξξζξι·
407 656 529 704 Quod
548 659 689 697 omnes
709 661 832 707 scitis,
853 659 959 698 solus
978 661 1163 708 neglexit
1181 661 1324 709 fidem3

114 719 301 758 Arm9rumP)
408 713 558 752 Furere
577 715 822 763 assimulare,
842 717 896 754 ne
915 719 1055 764 coiret,
1075 719 1235 756 institit.

111 752 312 814 ἷζῗῖςζζζιξζαὸ“
407 768 573 817 Quodm'
594 771 799 810 Palamedi
818 773 1027 820 perspicax
1047 773 1264 820 prudentia

111 822 197 848 ⁵⁵³⁰
407 826 528 864 Istius
547 819 783 874 percepsetl
802 827 1043 867 malitiosam
1061 829 1282 878 audaciam,

407 881 507 920 Fide
527 876 730 921 sacratae²
749 884 811 922 itis
830 889 1029 932 perpetuo
1048 884 1220 924 falleret.

235 948 288 989 99
319 945 385 983 Illi
404 959 500 984 vero
519 959 601 984 non
621 947 742 985 modo
769 961 862 986 cum
887 947 1083 996 hostibus,
1104 963 1243 988 verum
1270 953 1394 990 etiam
1417 965 1509 991 cum

316 1001 518 1050 fluctibus,
538 1002 580 1041 id
610 1003 719 1050 quod
747 1003 859 1051 fecit,
884 1003 1076 1044 dimicare
1105 1005 1250 1044 melius
1279 1006 1358 1045 fuit
1386 1021 1506 1055 quam

316 1057 504 1097 deserere
520 1062 847 1098 consentientem
864 1060 1075 1099 Graeciam
1089 1061 1142 1100 ad
1162 1062 1315 1101 bellum
1327 1063 1504 1103 barbaris

314 1113 584 1152 inferendum.

371 1169 452 1208 Sed
491 1173 725 1210 omittamus
760 1176 804 1210 et
837 1171 992 1211 fabulas
1049 1177 1068 1211 t
1101 1178 1292 1220 externa3
1333 1174 1386 1213 ad
1416 1188 1502 1214 rem

314 1224 463 1264 factam
493 1232 753 1274 nostramque
784 1186 1046 1322 veniamuzg
1063 1229 1119 1266 M.
1141 1229 1292 1268 Atilius
1325 1230 1503 1279 Regulus

314 1294 406 1319 eum
426 1282 565 1320 consul
585 1285 734 1320 iterum
760 1285 803 1320 in
824 1283 962 1321 Africa
1052 1284 1207 1324 insidiis
1233 1291 1376 1334 captus
1396 1292 1504 1326 esset

313 1336 416 1376 duce
447 1337 685 1386 Xanthippo
721 1338 1055 1387 Lacedaemonio,
1090 1343 1334 1388 imperatore
1364 1347 1504 1382 autem

313 1398 427 1440 patre
458 1394 701 1432 Hannibalis
730 1394 977 1442 Hamilcare,
1004 1398 1158 1435 iuratus
1186 1399 1330 1437 missus
1359 1403 1424 1437 est
1450 1399 1503 1438 ad

310 1454 510 1497 senatum,
523 1455 583 1497 ut,
599 1452 675 1488 nisi
695 1450 846 1489 redditi
866 1456 1004 1489 essent
1025 1451 1169 1491 Poenis
1181 1455 1329 1500 captivi
1344 1454 1501 1494 nobiles

310 1505 487 1553 quidam,
508 1506 662 1544 rediret
680 1508 766 1554 ipse
787 1506 1084 1555 Carthaginem.
1145 1507 1185 1547 Is
1211 1522 1303 1547 cum
1332 1509 1498 1550 Romam

351 1575 362 1595 ¹
369 1582 550 1621 percepset
573 1579 645 1618 Bt„
665 1578 747 1619 Ed„
776 1579 915 1619 Heine;
932 1581 1148 1623 percepisset
1169 1581 1291 1620 MSS.;
1309 1586 1499 1626 pmpexet

308 1621 446 1654 Miiller.
583 1622 598 1643 ¹
608 1626 772 1655 sacratae
788 1623 898 1661 Edd.;
914 1627 1058 1656 sacrata
1077 1625 1104 1656 B
1119 1624 1153 1656 H
1171 1635 1196 1657 a
1206 1625 1247 1663 b3
1262 1629 1446 1660 sacratum
1461 1638 1492 1660 c.

347 1704 364 1722 ὃ
377 1699 506 1731 Cicero
530 1699 560 1731 is
576 1701 736 1731 careless
753 1700 787 1731 in
805 1701 860 1732 his
877 1700 993 1733 dates.
1044 1702 1208 1743 Regulus
1225 1712 1303 1734 was
1319 1705 1443 1736 consul
1459 1704 1493 1736 in

304 1743 366 1784 267
390 1743 463 1775 and
488 1743 564 1785 256.
615 1743 673 1776 He
696 1754 774 1776 was
790 1743 960 1776 defeated
981 1745 1055 1777 and
1079 1745 1188 1778 taken
1206 1745 1372 1787 prisoner
1388 1747 1423 1779 in
1439 1747 1495 1780 his

302 1786 438 1819 second
453 1787 728 1829 proconsulship
743 1791 783 1819 at
799 1788 859 1819 the
875 1787 990 1820 battle
1006 1788 1047 1820 of
1058 1788 1181 1822 Tunes
1197 1789 1231 1821 in
1247 1797 1320 1832 255.
1337 1790 1419 1823 And
1435 1791 1495 1824 the

303 1830 494 1863 Hamilcar
515 1830 558 1862 of
576 1840 638 1872 255
662 1841 739 1863 was
763 1835 825 1863 not
844 1831 1060 1864 Hannibal's
1076 1832 1208 1873 father,
1227 1833 1283 1865 for
1298 1834 1353 1866 his
1369 1844 1496 1868 career

302 1874 390 1907 does
407 1878 467 1906 not
485 1874 593 1916 begin
611 1875 698 1906 until
717 1883 791 1916 247,
807 1876 910 1907 when
928 1876 971 1907 he
988 1886 1098 1908 wasa
1115 1887 1212 1908 mere
1249 1877 1347 1916 outh,
1362 1878 1434 1910 and
1447 1878 1492 1911 he

301 1928 376 1950 was
393 1918 464 1950 still
482 1918 515 1950 in
531 1919 585 1950 his
603 1919 715 1960 prime
732 1920 834 1950 when
849 1920 892 1951 he
908 1919 967 1951 fell
985 1919 1018 1951 in
1036 1920 1149 1952 battle
1165 1920 1199 1952 in
1243 1921 1340 1962 pain,
1359 1921 1393 1953 in
1411 1932 1485 1964 229.

341 1960 360 1985 b
372 1961 418 1994 At
445 1963 505 1994 the
537 1961 651 1994 battle
682 1962 724 1994 of
751 1963 951 1995 Panormus
983 1963 1017 1995 in
1049 1973 1113 2005 250
1145 1963 1275 1996 Lucius
1306 1964 1486 1999 Caecilius

300 2005 467 2038 Metellus
490 2006 576 2038 took
600 2016 737 2048 among
761 2007 821 2039 the
845 2007 1028 2048 prisoners
1053 2018 1098 2039 no
1122 2008 1193 2040 less
1217 2009 1306 2041 than
1329 2009 1482 2042 thirteen

296 2048 565 2091 Carthaginian
582 2051 847 2092 generals—all
864 2061 944 2083 men
961 2051 1002 2083 of
1013 2050 1118 2083 noble
1134 2051 1241 2085 birth.

405 2104 484 2142 374
