1546 2294
205 1483 257 1517 20

573 107 774 146 CICERO
805 106 881 146 DE
910 106 1146 147 OFFICIIS

279 193 389 242 quod
416 194 635 232 honestum
655 184 737 239 sit,1
760 192 832 231 sed
854 195 978 231 etiam
998 192 1100 231 haec
1119 196 1228 232 inter
1247 206 1290 233 se
1310 206 1469 242 compa·

279 271 367 298 rare
388 264 432 297 et
451 261 493 296 in
514 258 576 296 his
597 257 838 296 addubitare
858 260 1135 305 turpissimum
1154 263 1228 297 est.

335 322 446 370 Quid
474 335 572 370 ergo
593 327 669 369 est,
692 321 800 369 quod
824 335 907 360 non
931 335 1153 370 numquam
1174 322 1472 362 dubitationem

278 387 420 426 afferre
451 387 580 425 soleat
609 385 1030 434 considerandumque
1059 386 1270 425 videatur?
1329 386 1473 432 Credo,

280 455 312 491 si
333 451 495 502 quando
515 450 717 489 dubitatio
736 450 897 497 accidit,
919 450 1038 498 quale
1059 453 1112 489 sit
1130 450 1185 498 id,
1206 450 1258 489 de
1278 463 1359 498 quo
1378 463 1472 488 con-

280 516 492 555 sideretur.
554 515 684 563 Saepe
705 517 816 553 enim
838 519 1024 563 tempore
1048 515 1106 563 fit,
1134 520 1192 562 ut,
1217 514 1327 562 quod
1353 519 1472 563 turpe

281 581 520 628 plerumque
541 580 681 618 haberi
700 579 842 626 soleat,
863 582 1093 618 inveniatur
1112 593 1195 617 non
1215 593 1303 618 esse
1332 584 1474 627 turpe3

282 645 459 692 exempli
484 657 602 683 causa
629 648 804 691 ponatur
832 643 997 690 aliquid,
1026 643 1135 691 quod
1164 648 1304 692 pateat
1332 643 1474 682 latius:

281 709 402 756 Quod
440 713 578 756 potest
611 711 739 746 maius
773 699 887 746 esse²
920 708 1051 746 scelus
1085 721 1206 755 quam
1239 721 1322 746 non
1355 707 1476 746 modo

281 773 503 820 hominem,
523 773 595 811 sed
620 775 744 811 etiam
768 771 1007 810 familiarem
1032 771 1240 810 hominem
1263 771 1474 810 occidere?

282 838 391 877 Num
426 840 551 884 igitur
585 850 627 875 se
662 838 851 874 astrinxit
884 836 1052 883 scelere,
1086 839 1119 875 si
1153 839 1223 884 qui
1256 841 1475 884 tyrannum

281 901 431 940 occidit
446 904 627 948 quamvis
644 900 908 939 familiarem?
946 900 1099 948 Populo
1112 900 1277 948 quidem
1296 900 1476 939 Romano

281 979 364 1004 non
388 965 562 1011 videtur,
594 967 663 1012 qui
690 978 740 1003 ex
771 965 957 1002 omnibus
987 964 1201 1012 praeclaris
1229 964 1346 1003 factis
1372 964 1473 1005 illud

283 1029 602 1077 pulcherrimum
623 1031 839 1067 existimat.
901 1028 1010 1066 Vicit
1036 1041 1134 1075 ergo
1163 1028 1317 1067 utilitas
1346 1028 1473 1074 hone?

282 1095 456 1133 statem?
518 1093 647 1131 Immo
663 1106 758 1132 vero
773 1092 964 1131 honestas
980 1092 1202 1131 utilitatem
1217 1097 1356 1131 secuta
1371 1096 1444 1135 est,
1456 1084 1474 1111 ⁸

344 1158 502 1207 Itaque,
524 1162 571 1196 ut
591 1160 678 1196 sine
698 1157 782 1195 ullo
803 1170 936 1195 errore
961 1157 1182 1195 diiudicare
1206 1159 1416 1204 possimuS,
1440 1169 1473 1195 st

285 1222 446 1270 quando
476 1235 568 1260 cum
598 1221 681 1268 illo,
705 1221 814 1268 quod
843 1220 1061 1259 honestum
1090 1221 1380 1268 intellegimus,
1401 1234 1474 1268 pu-

285 1300 410 1334 gnare
442 1286 485 1324 id
516 1285 734 1332 videbitur,
755 1285 863 1332 quod
890 1285 1141 1332 appellamus
1168 1285 1284 1332 utile,
1305 1284 1476 1323 formula

287 1351 486 1399 quaedam
517 1349 805 1388 constituenda
839 1354 923 1394 est;
963 1363 1084 1397 quam
1118 1352 1151 1388 si
1185 1362 1402 1398 sequemur
1434 1351 1476 1387 in

287 1417 588 1463 comparatione
607 1427 756 1460 rerum,
776 1413 827 1451 ab
847 1413 975 1451 officio
991 1426 1211 1461 numquam
1226 1413 1475 1452 recedemus.

289 1479 377 1517 Erit
395 1483 533 1517 autem
553 1478 654 1516 haec
681 1477 852 1515 formula
879 1477 1105 1516 Stoicorum
1132 1479 1277 1515 rationi
1300 1476 1477 1524 discipli-

288 1556 445 1590 naeque
465 1545 639 1581 maxime
656 1546 949 1586 consentanea3
971 1554 1090 1588 quam
1107 1541 1350 1588 quidemhis
1365 1540 1476 1579 libris

287 1613 502 1655 propterea
522 1610 740 1654 sequimur,
761 1605 883 1652 quod,
903 1618 1145 1652 quamquam
1166 1610 1210 1644 et
1228 1619 1252 1643 a
1271 1605 1476 1644 veteribus

288 1671 543 1709 Academicis
567 1676 611 1709 et
636 1684 660 1708 a
689 1670 968 1717 Peripateticis
996 1672 1151 1715 vestris,
1178 1671 1248 1717 qui
1271 1669 1475 1717 quondam

288 1736 396 1775 idem
416 1740 545 1782 erant,
566 1737 634 1782 qui
656 1734 904 1780 Academici,
925 1746 1027 1780 quae
1049 1733 1219 1772 honesta
1238 1738 1347 1780 sunt,
1361 1738 1476 1772 ante-

287 1804 494 1851 ponuntur
514 1802 574 1846 iis,
591 1812 695 1847 quae
716 1798 906 1836 videntur
922 1796 1050 1844 utilia,
1067 1802 1206 1835 tamen
1227 1797 1477 1845 splendidius

333 1906 401 1939 'sit
415 1917 446 1946 c,
467 1905 554 1943 Bw.
576 1906 726 1943 Mallem
743 1909 804 1937 not
823 1905 855 1936 in
875 1905 902 1936 B
922 1904 955 1937 H
973 1915 996 1938 a
1013 1904 1047 1945 b,
1069 1903 1163 1943 Bt.¹;
1180 1907 1232 1936 est
1247 1903 1374 1938 Heine.

331 1950 426 1983 'esse
441 1961 472 1989 c,
493 1950 604 1988 Edd.;
621 1953 682 1982 not
700 1949 733 1981 in
754 1950 780 1981 B
801 1949 833 1980 H
853 1959 874 1980 a
892 1948 923 1980 b.

331 1993 549 2026 ‘'utilitatem
565 1996 686 2025 secuta
709 1996 761 2025 est
777 1992 897 2029 MSS..
926 1992 1064 2028 Muner.
1092 1991 1230 2030 Heinez
1248 1992 1442 2024 utilitatem
1455 2000 1473 2030 ,·

286 2036 500 2070 honestatem
519 2038 662 2070 utilitas
676 2040 796 2069 secuta
812 2040 863 2069 est
881 2036 1013 2075 Baiter,
1034 2035 1098 2067 Ed.

394 2088 474 2130 286
