1546 2294
597 203 763 242 LIBER
793 205 1088 246 SECUNDUS

200 319 216 354 l
309 314 338 352 1.
372 314 506 363 Quem
536 315 587 353 ad
614 316 779 354 modum
810 318 936 356 officia
963 318 1211 358 ducerentur
1237 320 1288 358 ab
1317 320 1443 359 hone-

252 393 372 435 state,
392 388 528 426 Marce
550 388 619 435 fili,
639 394 762 436 atque
783 390 834 427 ab
854 393 965 428 omni
984 405 1137 438 genere
1157 395 1331 440 virtutis,
1346 389 1442 432 satis

251 461 499 508 explicatum
533 462 706 500 arbitror
744 462 847 500 libro
881 467 1096 511 superiore.
1157 465 1363 513 Sequitur,
1394 471 1441 505 ut

250 533 351 571 haec
373 534 591 572 officiorum
610 547 763 581 genera
783 548 1014 583 persequar,
1035 550 1138 584 quae
1158 540 1370 585 pertinent
1387 537 1439 576 ad

252 609 357 644 vitae
390 606 545 645 cultum
577 611 621 645 et
652 607 703 645 ad
738 621 875 646 earum
908 622 1056 656 rerum,
1086 599 1232 657 quibus
1269 616 1440 649 utuntur

252 679 449 726 homines,
470 679 720 727 facultatem,
740 680 792 718 ad
812 694 922 728 opes,
937 681 989 719 ad
1009 685 1142 729 copias
1158 673 1188 729 [3
1203 686 1246 721 in
1262 697 1341 730 quo
1355 688 1439 722 tum

252 755 390 799 quaeri
411 752 508 799 dixi,
530 752 628 799 quid
648 753 764 800 utile,
785 754 881 800 quid
909 754 1069 802 inutile,
1090 760 1178 793 tum
1205 769 1256 794 ex
1277 756 1443 794 utilibus

250 824 348 872 quid
379 824 518 862 utilius
549 830 620 863 aut
649 825 747 872 quid
780 829 955 864 maxime
990 818 1140 874 utile].¹
1200 828 1264 866 De
1298 829 1444 875 quibus

251 897 387 935 dicere
414 897 640 945 aggrediar,
661 901 691 936 si
722 912 847 945 pauca
873 902 982 946 prius
1012 899 1064 937 de
1096 903 1286 939 instituto
1311 915 1359 939 ac
1389 901 1441 939 de

251 971 399 1009 iudicio
419 984 510 1008 meo
530 970 679 1008 dixero.

198 1048 222 1082 2
309 1043 564 1091 Quamquam
585 1046 694 1081 enim
714 1043 805 1081 libri
825 1047 952 1082 nostri
973 1045 1199 1092 complures
1219 1059 1301 1083 non
1320 1046 1440 1084 modo

252 1117 303 1154 ad
324 1116 502 1163 legendi,
518 1116 589 1154 sed
610 1119 733 1154 etiam
753 1116 805 1155 ad
825 1117 1026 1155 scribendi
1046 1118 1226 1156 studium
1242 1122 1442 1158 excitave-

254 1194 362 1235 runt,
392 1194 530 1227 tamen
559 1189 766 1227 interdum
796 1202 946 1238 vereor„
984 1203 1031 1228 ue
1061 1190 1300 1238 quibusdam
1330 1192 1444 1230 bonis

255 1265 347 1300 viris
368 1261 646 1309 philosophiae
667 1275 817 1299 nomen
837 1265 891 1300 sit
910 1265 1083 1300 invisum
1105 1266 1384 1311 mirenturque
1404 1267 1445 1302 in

257 1348 304 1373 ea
326 1339 485 1373 tantum
506 1347 571 1372 me
592 1348 737 1381 operae
759 1340 802 1372 et
822 1338 1015 1382 temporis
1036 1349 1198 1383 ponere.

315 1408 402 1454 Ego
422 1412 573 1454 autem,
595 1421 716 1454 quam
737 1407 806 1445 diu
828 1421 890 1445 res
911 1408 1071 1455 publica
1092 1421 1165 1456 per
1184 1422 1252 1447 eos
1278 1410 1446 1457 gereba-

258 1492 334 1528 tur,
364 1481 508 1527 quibus
541 1493 584 1518 se
616 1483 701 1527 ipsa
733 1483 1002 1527 commiserat,
1030 1483 1159 1519 omnis
1190 1495 1300 1520 meas
1331 1495 1445 1520 curas

255 1556 602 1600 cogitationesque
642 1555 683 1590 in
722 1565 811 1590 eam
851 1552 1134 1600 conferebam;
1177 1567 1268 1592 eum
1307 1559 1444 1592 autem

255 1626 464 1663 dominatu
497 1628 614 1662 unius
645 1628 777 1662 omnia
808 1630 1050 1663 tenerentur
1079 1639 1213 1673 neque
1243 1632 1352 1665 esset
1383 1640 1444 1665 us-

259 1711 375 1746 quam
408 1698 574 1735 consilio
605 1703 676 1735 aut
703 1700 933 1735 auctoritati
962 1698 1086 1745 locus,
1114 1701 1240 1736 socios
1267 1698 1444 1746 denique

256 1771 433 1810 tuendae
464 1773 520 1807 rei
553 1770 752 1817 publicae,
772 1783 949 1808 summos
976 1773 1093 1818 viros,
1114 1774 1348 1817 amisissem,
1370 1785 1445 1809 nec

252 1858 317 1882 me
348 1844 564 1890 angoribus
595 1843 748 1889 dedidi‚
779 1843 923 1890 quibus
954 1856 1083 1881 essem
1114 1843 1338 1891 confectus,
1372 1847 1446 1882 nisi

315 1961 321 1978 ¹
334 1960 371 1991 in
384 1970 451 2001 quo
462 1983 469 1990 .
485 1983 492 1990 .
508 1983 515 1990 .
534 1959 692 1990 maxime
705 1958 793 1990 utile
804 1958 1004 1990 bracketed
1018 1958 1064 2000 by
1078 1958 1284 1997 Heumann,
1299 1958 1443 1992 Paccio·

268 2004 343 2043 lati,
365 2003 454 2035 Eud.
470 2015 477 2040 ;
496 2006 570 2033 lum
587 2013 632 2034 ex
647 2026 655 2033 .
677 2026 683 2034 .
706 2026 713 2033 .
735 2002 892 2033 maxime
909 2002 996 2033 utile
1013 2007 1074 2033 not
1091 2003 1124 2034 in
1142 2002 1170 2034 Β
1186 2002 1218 2035 H
1237 2013 1258 2034 a
1276 2002 1309 2036 b.

367 2054 441 2095 168
