1546 2294
235 252 283 286 13

24 479 141 511 nutius,
155 479 269 505 Prome-

25 516 105 541 {heus
115 513 149 548 ἲ),
160 513 286 542 1nc.inc.

26 550 79 611 {³5}
95 547 249 580 Ribbeck2,

236 923 284 956 14

251 1760 296 1793 15

605 105 806 145 CICERO
835 105 915 143 DE
942 103 1180 144 OFFICIIS

313 190 564 226 conservatio
584 190 671 225 sine
691 186 903 224 hominum
929 198 1052 233 opera
1071 184 1155 223 ulla
1178 197 1267 223 esse
1293 187 1503 232 potuisset.

315 244 401 283 Iam
422 257 516 282 vero
536 248 580 282 et
599 256 737 281 earum
764 255 912 289 rerum,
933 242 1079 289 quibus
1104 240 1418 287 abundaremus,
1438 253 1508 278 ex-

313 303 488 348 portatio
517 304 561 338 et
589 312 740 345 earum,
761 298 907 345 quibus
936 310 1163 344 egeremus,
1189 299 1367 335 invectio
1395 301 1508 334 certe

315 357 427 394 nulla
456 360 577 402 esset,
596 357 672 393 nisi
703 346 789 392 his1
809 354 1044 391 muneribus
1073 352 1258 391 homines
1286 352 1508 400 fungeren-

318 418 395 451 tur.
457 411 693 458 Eademque
713 413 870 448 ratione
890 423 967 448 nec
986 409 1141 456 lapides
1157 422 1207 447 ex
1221 413 1331 447 terra
1345 407 1507 446 excide-

314 473 457 507 rentur
470 468 523 506 ad
541 481 659 506 usum
673 472 856 505 nostrum
871 467 1099 530 necessarii,
1114 478 1191 503 nec
1206 455 1326 502 “·fer1
1328 478 1410 511 um,
1424 469 1507 510 aes,

314 538 469 571 aurum,
498 523 750 571 argentum'’
782 512 1062 560 effoderetur‘
1065 511 1253 569 ‘penitus
1281 520 1502 558 abditum”

316 584 403 620 sine
423 580 634 618 hominum
652 579 790 617 labore
810 583 854 616 et
872 591 1005 615 manu.

369 637 437 675 IV.
469 636 597 674 Tecta
610 648 718 682 vero,
733 635 878 682 quibus
894 639 937 672 et
949 633 1144 680 frigorum
1155 635 1214 670 vis
1226 631 1448 680 pelleretur
1463 636 1508 670 et

314 693 490 731 calorum
512 691 721 729 molestiae
742 690 994 736 sedarentur,
1010 689 1119 727 unde
1139 694 1211 726 aut
1230 690 1346 725 initio
1365 689 1507 735 generi

314 749 491 787 humano
506 748 591 786 dari
603 749 833 794 potuissent
847 751 919 784 aut
933 750 1074 793 postea
1089 745 1291 783 subveniri
1294 735 1324 791 ‚²
1339 747 1372 781 si
1387 748 1458 781 aut
1470 745 1508 780 vi

314 807 571 852 tempestatis
586 809 657 841 aut
671 808 805 841 terrae
820 807 934 840 motu
949 806 1021 839 aut
1032 805 1237 839 vetustate
1253 799 1510 845 cecidissent,

314 864 391 899 nisi
407 862 630 898 communis
646 862 729 897 vita
742 859 794 896 ab
809 858 1039 896 hominibus
1054 856 1197 894 harum
1212 869 1348 893 rerum
1362 854 1510 893 auxilia

314 923 456 965 petere
472 916 704 954 didicisset?
725 914 846 952 Adde
859 913 1005 951 ductus
1018 925 1224 960 aquarum,
1238 911 1509 949 derivationes

316 973 539 1019 fluminum,
564 984 750 1019 agrorum
770 972 1038 1016 irrigationes,
1061 968 1187 1006 moles
1210 969 1413 1015 oppositas
1435 965 1500 1004 flu-

317 1030 461 1075 ctibus,
476 1033 616 1076 portus
636 1040 758 1064 manu
779 1026 919 1072 factos,
935 1038 1038 1072 quae
1059 1024 1168 1062 unde
1188 1026 1275 1062 sine
1298 1022 1508 1060 hominum

317 1098 438 1133 opere
462 1084 612 1122 habere
636 1082 871 1130 possemus?
929 1081 990 1118 Ex
1015 1081 1159 1127 quibus
1181 1079 1400 1126 multisque
1420 1077 1508 1116 aliis

317 1143 573 1189 perspicuum
585 1144 660 1186 est,
670 1141 739 1186 qui
751 1138 906 1176 fructus
918 1149 1102 1183 quaeque
1115 1135 1313 1174 utilitates
1326 1148 1375 1172 ex
1388 1134 1508 1172 rebus

318 1201 378 1244 iis,
405 1210 508 1244 quae
535 1198 618 1234 sint
643 1197 860 1239 inanimae,
884 1195 1171 1240 percipiantur,
1198 1203 1265 1228 eas
1294 1203 1366 1228 nos
1396 1189 1510 1227 nullo

318 1253 438 1291 modo
451 1255 537 1290 sine
550 1251 760 1288 hominum
773 1263 893 1287 manu
903 1254 1026 1294 atque
1035 1260 1156 1294 opera
1165 1259 1309 1294 capere
1318 1248 1508 1293 potuisse.

375 1308 456 1355 Qui
476 1308 652 1353 denique
673 1319 722 1344 ex
744 1306 883 1343 bestiis
903 1304 1058 1341 fructus
1077 1308 1149 1341 aut
1168 1315 1271 1350 quae
1291 1300 1512 1339 commodi-

319 1371 394 1411 tas,
415 1366 492 1402 nisi
518 1363 702 1400 homines
728 1361 979 1405 adiuvarent,
1001 1362 1153 1406 percipi
1181 1358 1346 1405 posset?
1406 1356 1511 1394 Nam

321 1427 364 1459 et
379 1423 447 1467 qui
468 1421 669 1466 principes
689 1415 924 1454 inveniendi
944 1415 1123 1460 fuerunt,
1140 1426 1262 1460 quem
1282 1426 1330 1451 ex
1352 1425 1511 1459 quaque

323 1477 440 1515 belua
459 1488 576 1513 usum
596 1474 745 1511 habere
765 1484 985 1519 possemus,
1001 1470 1185 1508 homines
1200 1474 1311 1507 certe
1331 1467 1511 1514 fuerunt,

321 1546 397 1571 nec
417 1531 493 1569 hoc
509 1536 692 1576 tempore
708 1531 794 1566 sine
813 1527 1023 1565 hominum
1038 1538 1160 1573 opera
1173 1529 1245 1562 aut
1264 1535 1428 1571 pascere
1443 1535 1510 1561 eas

328 1592 400 1626 aut
418 1587 581 1625 domare
610 1590 681 1622 aut
709 1586 815 1622 tueri
840 1587 912 1620 aut
935 1584 1198 1628 tempestivos
1219 1580 1374 1619 fructus
1394 1592 1444 1618 ex
1462 1582 1511 1618 iis

329 1655 473 1689 capere
493 1652 718 1688 possemus3
745 1639 795 1676 ab
811 1638 1044 1684 eisdemque
1065 1642 1120 1682 et,
1136 1649 1239 1682 quae
1253 1627 1436 1680 nocent?
1449 1637 1510 1672 in-

328 1698 582 1737 terficiuntur
602 1700 658 1741 et,
678 1707 780 1741 quae
801 1696 889 1732 usui
908 1697 1077 1740 possunt
1096 1704 1197 1738 esse,
1216 1693 1439 1738 capiuntur.

385 1752 495 1799 Quid
514 1763 749 1789 enumerem
768 1751 915 1787 artium
930 1747 1248 1793 multitudinem,
1263 1748 1349 1784 sine
1369 1745 1514 1792 quibus

329 1812 411 1846 vita
429 1809 593 1845 omnino
613 1805 724 1843 nulla
743 1817 831 1843 esse
856 1803 1082 1850 potm’sset?
1141 1801 1222 1848 Qui
1249 1803 1358 1840 enim
1384 1803 1515 1847 aegris

352 1899 971 1942 ¹l1isH‚Edd.;·iisBLb;hysc.

351 1948 559 1981 ²subveniri
576 1947 601 1978 L
618 1957 649 1985 c,
668 1944 810 1984 Mffller,
827 1925 964 1982 ’Heine-
978 1942 1165 1975 subvenire
1179 1941 1206 1973 B
1220 1941 1253 1973 H
1267 1940 1335 1979 ab,
1357 1941 1428 1979 Bt„
1444 1940 1510 1972 Ed.

348 1993 418 2029 ⁸c,t
443 2002 535 2033 quae
557 1992 680 2021 nocent
704 1989 757 2020 Bt.
763 1987 789 2023 ²:
815 1991 849 2019 et
869 1998 941 2023 eae,
967 1997 1058 2027 quae
1079 1988 1203 2018 nocent
1226 1985 1254 2016 E
1270 1985 1303 2016 H
1322 1984 1357 2024 b,
1378 1984 1433 2016 Bt.
1441 1983 1464 2022 ¹3
1481 1991 1515 2016 et

342 2050 368 2069 c
372 2049 382 2067 ι
401 2046 489 2078 quae
507 2036 629 2065 nocent
646 2033 690 2069 L:
706 2043 747 2064 ea
763 2043 854 2073 quae
871 2041 986 2062 nocen
1008 2040 1037 2061 e.

442 2090 518 2125 ¹80
