1546 2294
250 59 271 74 C

565 129 765 168 CICERO
797 129 874 168 DE
903 129 1140 169 OFFICIIS

269 211 489 251 oboediant
522 224 693 258 eamque
726 224 860 258 neque
894 216 1157 258 praecurrant
1188 225 1266 250 nec
1295 216 1463 260 propter

269 279 474 324 pigritiam
507 281 578 314 aut
610 278 813 323 ignaviam
845 275 1037 314 deserant
1065 279 1227 323 sintque
1255 275 1462 323 tranquilli

270 347 392 388 atque
427 343 537 378 omni
570 343 695 378 animi
732 341 1039 388 perturbatione
1073 345 1256 387 careant3
1300 353 1351 378 ex
1384 353 1465 388 quo

270 406 449 443 elucebit
469 407 598 442 omnis
619 407 846 442 constantia
866 399 1076 451 omnisque
1091 404 1326 443 moderatio.
1358 404 1464 443 Nam

271 472 339 521 qui
377 472 584 517 appetitus
622 469 782 516 longius
821 474 1045 515 evagantur
1079 474 1122 507 et
1155 474 1364 516 tamquam
1395 482 1464 507 ex-

270 534 469 572 sultantes
503 536 586 571 sive
620 533 822 580 cupiendo
855 536 938 571 sive
972 533 1168 580 fugiendo
1200 546 1284 571 non
1317 535 1413 571 satis
1440 546 1465 571 a

255 587 426 636 -ratione
457 601 702 645 retinentur,
725 590 776 635 iil
801 600 888 636 sine
920 597 1044 635 dubio
1075 597 1197 635 finem
1226 602 1270 636 et
1297 597 1463 636 modum

270 668 485 702 transeunt
496 676 505 708 ;
525 662 764 710 relinquunt
784 665 894 700 enim
910 667 953 700 et
966 663 1148 700 abiciunt
1162 662 1464 700 oboedientiam

271 741 348 765 nec
374 730 521 765 rationi
547 732 706 774 parent,
735 729 799 764 cui
826 731 922 765 sunt
953 727 1125 764 subiecti
1153 726 1246 773 lege
1275 731 1466 772 naturam

203 793 206 795 ’
271 806 296 830 a
321 793 466 839 quibus
492 804 575 829 non
601 791 722 829 modo
754 794 878 829 animi
908 791 1212 838 perturbantur,
1240 791 1312 829 sed
1344 793 1468 829 etiam

168 1119 244 1154 103

274 869 448 904 corpora.
497 855 616 894 Licet
634 868 703 893 ora
722 858 808 902 ipsa
828 868 994 893 cernere
1014 857 1207 893 iratorum
1225 860 1297 893 aut
1317 868 1469 902 eorum,

274 923 343 968 qui
369 926 440 958 aut
468 920 639 958 libidine
665 919 799 967 aliqua
823 925 896 958 aut
921 924 1035 957 metu
1060 921 1251 957 commoti
1277 924 1373 958 sunt
1398 923 1470 957 aut

273 972 483 1032 uoluptate
517 987 642 1022 nimia
671 987 876 1030 gestiunt;
911 997 1082 1031 quorum
1112 986 1294 1022 omnium
1322 983 1468 1030 voltus,

274 1063 405 1098 voces,
425 1054 560 1087 motus
578 1053 789 1095 statusque
808 1053 1029 1086 mutantur.

331 1114 393 1151 Ex
420 1114 564 1160 quibus
590 1113 692 1150 illud
717 1112 984 1159 intellegitur,
1006 1118 1052 1150 ut
1077 1112 1129 1150 ad
1155 1113 1273 1150 officii
1297 1111 1467 1150 formam

275 1183 538 1225 revertamur,
569 1180 775 1225 appetitus
814 1190 955 1215 omnes
993 1176 1290 1215 contrahendos
1323 1176 1469 1215 sedan-

276 1243 430 1289 dosque
473 1254 560 1279 esse
604 1241 941 1287 excitandamque
989 1241 1379 1278 animadversionem
1427 1245 1471 1279 et

277 1306 547 1353 diligentiam,
577 1310 624 1342 ut
651 1318 705 1343 ne
736 1304 832 1352 quid
862 1310 1018 1342 temere
1047 1318 1094 1342 ac
1122 1304 1303 1351 fortuito,
1333 1307 1472 1342 incon-

279 1361 454 1408 siderate
486 1369 838 1416 neglegenterque
868 1382 1043 1415 agamus.
1104 1369 1250 1416 Neque
1278 1371 1388 1406 enim
1415 1371 1474 1406 ita

278 1437 464 1482 generati
484 1448 507 1471 a
526 1439 671 1471 natura
691 1447 840 1480 sumus,
861 1438 908 1471 ut
927 1433 978 1470 ad
998 1433 1140 1470 ludum
1161 1438 1204 1471 et
1222 1436 1355 1471 iocum
1375 1432 1472 1470 facti

280 1512 367 1537 esse
387 1498 609 1544 videamur,
629 1497 682 1535 ad
702 1500 963 1535 severitatem
985 1500 1119 1544 potius
1140 1502 1183 1535 et
1201 1497 1254 1535 ad
1273 1497 1472 1544 quaedam

280 1566 412 1604 studia
435 1568 618 1612 graviora
640 1570 764 1612 atque
787 1567 947 1602 maiora.
1008 1564 1124 1602 Ludo
1150 1570 1289 1603 autem
1316 1570 1359 1603 et
1384 1567 1472 1603 ioco

279 1634 339 1669 uti
371 1630 441 1668 illo
473 1630 638 1676 quidem
664 1629 774 1675 licet,
802 1629 874 1667 sed
901 1632 1005 1666 sicut
1031 1642 1171 1667 somno
1198 1634 1242 1667 et
1268 1630 1472 1676 quietibus

281 1697 427 1733 ceteris
469 1699 571 1740 tum,
615 1707 707 1731 curn
749 1693 936 1740 gravibus
979 1696 1172 1740 seriisque
1214 1694 1334 1732 rebus
1377 1697 1473 1733 satis

281 1759 505 1797 fecerimus.
568 1757 787 1805 Ipsumque
813 1771 943 1804 genus
972 1758 1131 1795 iocandi
1157 1771 1239 1795 non
1266 1758 1472 1805 profusum

280 1824 357 1862 nec
391 1822 691 1868 immodestum,
727 1822 799 1860 sed
837 1825 1060 1869 ingenuum
1096 1827 1139 1860 et
1173 1821 1351 1860 facetum
1386 1835 1474 1861 esse

280 1888 416 1926 debet.
479 1887 538 1925 Ut
567 1889 675 1924 enim
705 1889 839 1933 pueris
868 1899 950 1923 nou
977 1900 1139 1924 omnem
1160 1886 1329 1924 ludendi
1348 1886 1474 1924 licen-

280 1956 378 1993 tiam
402 1952 556 1997 damus,
578 1951 649 1989 sed
675 1964 777 1997 earn,
798 1964 900 1997 quae
924 1951 975 1988 ab
999 1950 1223 1989 honestatis
1246 1951 1472 1989 actionibus

590 2057 598 2075 ¹
613 2058 644 2088 ii
659 2057 769 2094 Edd‚;
786 2057 829 2088 hi
842 2068 883 2094 εκ
900 2057 958 2088 Izz'i
975 2057 1143 2097 H;l11'sc.

392 2115 470 2149 104·
