1546 2294
579 70 779 110 CICERO
810 72 886 110 DE
916 72 1152 112 OFFICIIS

286 155 332 191 iis
362 155 614 199 restitissem,
646 166 723 190 nee
754 166 910 191 rursum
944 154 1122 201 indignis
1156 155 1320 195 homine
1354 156 1476 196 docto

288 220 572 268 voluptatibus.

347 289 484 336 Atque
506 292 662 327 utinam
689 303 753 328 res
780 290 942 337 publica
961 293 1156 339 stetisset,
1176 305 1256 340 quo
1276 299 1480 341 coeperat,

292 362 401 395 statu
441 370 517 395 nec
556 360 599 395 in
638 357 823 396 homines
861 371 943 396 non
982 364 1067 397 tam
1106 362 1479 400 commutandarum

291 439 411 472 quam
433 425 745 464 evertendarum
766 439 900 464 rerum
921 427 1087 474 cupidos
1107 428 1335 466 incidisset!
1399 429 1480 467 Pri·
1531 478 1534 481 v

292 507 400 531 mum
421 497 543 538 enim,
560 499 607 532 ut
627 498 762 532 stante
783 507 826 532 re
847 495 1008 542 publica
1028 495 1162 534 facere
1182 496 1421 544 solebamus,
1438 500 1480 535 in

289 561 450 608 agendo
477 562 567 609 plus
593 575 713 609 quam
741 565 782 599 in
810 562 1022 600 scribendo
1049 576 1196 610 operae
1224 577 1480 612 poneremus,

290 629 439 667 deinde
460 632 555 677 ipsis
575 632 733 677 scriptis
753 643 836 667 non
856 643 917 677 ea,
937 644 1040 678 quae
1067 644 1190 678 nunc,
1210 632 1283 670 sed
1302 635 1481 671 actiones

293 703 447 736 nostras
467 698 763 743 mandaremuS,
780 703 827 736 ut
847 712 968 746 saepe
989 699 1168 738 fecimus.
1221 700 1322 738 Cum
1343 706 1480 739 autem

294 779 356 804 res
378 766 550 813 publica,
573 769 614 803 in
634 779 714 812 qua
741 769 870 804 omnis
891 779 981 805 mea
1007 780 1115 814 cura,
1136 771 1341 815 cogitatio,
1362 782 1484 816 opera

292 837 387 882 poni
407 834 576 881 solebat,
592 834 704 872 nulla
724 839 832 872 esset
852 838 1030 882 omnino,
1043 835 1136 873 illae
1152 836 1308 875 scilicet
1322 837 1483 876 litterae

294 905 578 940 conticuerunt
612 902 793 940 forenses
832 907 876 940 et
914 907 1149 942 senatoriae.
1211 904 1323 942 Nihil
1361 918 1484 952 agere

292 975 429 1008 autem
450 983 542 1007 cum
557 972 713 1007 animus
733 984 814 1007 non
835 976 984 1017 posset,
999 973 1042 1009 in
1062 971 1124 1009 his
1139 972 1281 1010 studiis
1301 973 1352 1010 ab
1367 975 1484 1011 initio

295 1043 474 1076 versatus
505 1041 652 1075 aetatis
684 1041 907 1076 existimavi
942 1038 1224 1078 honestissime
1253 1032 1479 1078 molestias¹

293 1120 410 1154 posse
441 1106 605 1153 deponi,
640 1108 673 1143 si
707 1118 773 1143 me
807 1106 859 1143 ad
890 1106 1185 1154 philosophiam
1220 1109 1479 1147 rettulissem.

295 1175 367 1212 Cui
389 1188 479 1212 cum
500 1174 675 1212 multum
694 1173 932 1212 adulescens
952 1174 1133 1213 discendi
1155 1189 1273 1214 causa
1292 1179 1485 1224 temporis

296 1243 541 1286 tribuissem,
580 1247 842 1289 posteaquam
882 1242 1100 1280 honoribus
1139 1246 1331 1282 inservire
1371 1247 1486 1292 coepi

296 1323 443 1357 meque
465 1315 598 1347 totum
618 1312 676 1347 rei
696 1309 881 1356 publicae
899 1310 1059 1356 tradidi,
1074 1316 1233 1349 tantum
1251 1317 1338 1350 erat
1358 1311 1487 1359 philo-

296 1378 460 1425 sophiae
493 1377 582 1423 loci,
610 1382 807 1424 quantum
835 1378 1090 1424 superfuerat
1115 1382 1333 1417 amicorum
1360 1384 1404 1418 et
1429 1381 1488 1418 rei

297 1446 481 1493 publicae
502 1445 752 1492 temporibus
764 1437 799 1490 ;2
829 1445 870 1483 id
885 1451 1022 1483 autem
1039 1459 1159 1484 omne
1176 1448 1488 1486 consumebatur

298 1517 339 1551 in
360 1513 546 1560 legendo,
571 1512 772 1550 scribendi
794 1515 920 1550 otium
950 1527 1030 1551 non
1052 1519 1148 1552 erat.

354 1581 407 1620 11.
442 1582 628 1619 Maximis
655 1583 780 1628 igitur
806 1583 848 1618 in
875 1581 990 1619 malis
1011 1581 1086 1619 hoc
1107 1588 1245 1620 tamen
1265 1583 1360 1622 boni
1380 1597 1485 1622 asse-

296 1653 380 1688 cuti
410 1649 608 1695 videmur‚
630 1653 677 1686 ut
703 1661 751 1686 ea
779 1648 926 1686 litteris
952 1650 1248 1698 mandaremus,
1275 1664 1379 1699 quae
1409 1665 1486 1691 nec

297 1723 414 1757 erant
443 1720 538 1755 satis
568 1722 664 1754 nota
691 1719 838 1755 nostris
865 1722 908 1755 et
935 1723 1052 1755 erant
1078 1722 1310 1765 cognitione
1337 1720 1488 1766 dignis-

297 1790 404 1825 sima.
438 1785 547 1833 Quid
575 1787 685 1822 enim
712 1789 787 1831 est,
810 1798 882 1832 per
901 1785 1011 1832 deos,
1032 1787 1248 1833 optabilius
1276 1790 1487 1836 sapientia,

348 1905 360 1925 ¹
374 1905 551 1937 molestias
568 1904 595 1935 L
612 1914 630 1934 e
648 1914 681 1945 p,
703 1903 854 1941 Nonius,
877 1903 991 1941 Edd.;
1018 1909 1078 1935 not
1096 1905 1128 1937 in
1150 1905 1175 1936 Β
1191 1905 1222 1937 H
1241 1917 1263 1938 a
1280 1906 1313 1939 b.

309 1994 337 2026 L
351 1948 586 2034 ztgmporibus
603 1947 793 1985 Victorius,
815 1948 903 1979 Edd.
919 1960 927 1986 ς
950 1949 1115 1990 temporis
1133 1950 1159 1980 B
1180 1950 1211 1981 Η
1231 1961 1254 1982 a
1272 1950 1313 1991 ὃς
1337 1951 1487 1995 tempora⁸

408 2047 484 2084 170
