1546 2294
238 903 315 937 110

205 1004 220 1036 ς
231 1002 283 1030 103

198 2022 277 2057 ¹1⁰8

640 95 840 138 CICERO
871 98 948 138 DE
977 97 1215 140 OFFICIIS

346 179 390 217 L.
412 179 568 227 Furius,
590 180 680 219 Sex,
699 180 850 220 Atilius
871 195 922 220 ex
942 186 1106 221 senatus
1126 181 1312 222 consulto
1330 181 1540 227 ferebant3

345 298 425 332 qua
457 290 627 333 accepta
659 291 723 324 est
756 285 941 325 hostibus
975 287 1150 326 deditus.
1212 288 1439 326 Honestius
1475 286 1543 325 hic

347 403 467 437 quam
489 388 539 437 Q.
565 390 794 438 Pompeius,
814 404 907 438 quo,
928 404 1020 430 cum
1041 394 1083 429 in
1103 391 1248 431 eadem
1275 405 1394 431 causa
1420 396 1543 439 esset,

346 490 596 538 deprecante
616 497 785 539 accepta
804 492 870 530 lex
891 506 974 530 non
995 498 1068 532 est.
1120 493 1203 532 Hic
1223 506 1284 541 ea,
1305 506 1408 541 quae
1429 493 1539 532 vide-

346 593 464 631 batur
484 592 652 639 utilitas,
673 593 763 640 plus
784 593 911 632 valuit
931 608 1052 642 quam
1072 594 1276 642 honestas,
1292 594 1400 643 apud
1419 607 1538 643 supe-

345 697 469 732 riores
485 695 673 733 utilitatis
694 697 848 742 species
864 694 963 734 falsa
982 696 1034 734 ab
1053 695 1286 735 honestatis
1298 699 1540 735 auctoritate

346 801 534 844 superata
554 801 627 835 est.

402 898 460 937 At
488 911 571 937 non
600 898 745 945 debuit
773 903 907 937 ratum
935 914 940 931 ‹
965 908 1038 946 tse,
1059 897 1167 946 quod
1197 903 1286 938 erat
1304 903 1442 938 actum
1466 911 1541 947 per

344 999 622 1047 vim.-—Quasi
644 1013 738 1038 vero
758 999 853 1038 forti
873 1002 957 1038 viro
977 1002 1035 1038 vis
1054 1003 1181 1047 possit
1199 999 1393 1039 adhiberi.

400 1101 480 1140 Cur
499 1104 625 1148 igitur
650 1100 703 1139 ad
729 1106 916 1139 senatum
943 1101 1282 1149 proficiscebatur,
1302 1115 1394 1140 cum
1420 1115 1535 1150 prae—

345 1206 484 1243 sertim
506 1203 557 1241 de
579 1205 747 1250 captivis
767 1202 1016 1241 dissuasurus
1036 1203 1173 1242 esset?

401 1303 522 1352 Quod
542 1306 762 1342 maximum
782 1306 824 1341 in
845 1316 895 1342 eo
915 1308 990 1350 est,
1011 1303 1054 1342 id
1074 1303 1384 1351 reprehenditis.
1445 1303 1539 1342 Non

345 1408 455 1444 enim
476 1417 547 1443 suo
567 1404 716 1442 iudicio
736 1406 866 1451 stetit,
886 1403 959 1442 sed
980 1406 1158 1452 suscepit
1177 1417 1352 1452 causam,
1363 1409 1412 1443 ut
1430 1409 1540 1444 esset

344 1506 537 1545 iudicium
558 1511 747 1551 senatus3
769 1508 832 1543 cui
853 1508 928 1543 nisi
949 1508 1036 1553 ipse
1055 1510 1196 1544 auctor
1215 1505 1371 1553 fuisset,
1387 1508 1536 1554 captivi

343 1608 526 1657 profecto
549 1607 693 1645 Poenis
706 1606 858 1645 redditi
875 1611 1032 1652 essent;
1052 1609 1110 1645 ita
1124 1605 1336 1645 incolumis
1347 1609 1391 1645 in
1405 1609 1533 1655 patria

345 1709 523 1757 Regulus
557 1711 784 1747 restitisset.
845 1707 966 1756 Quod
1005 1710 1099 1755 quia
1131 1710 1285 1756 patriae
1318 1721 1401 1746 non
1434 1707 1536 1748 utile

342 1812 515 1858 putavit,
536 1809 687 1847 idcirco
707 1809 783 1847 sibi
804 1808 1022 1847 honestum
1050 1814 1094 1847 et
1118 1811 1271 1847 sentire
1291 1808 1360 1847 illa
1379 1814 1424 1848 et
1449 1810 1536 1857 pati

343 1910 528 1950 credidit.

395 2020 500 2059 Nam
520 2019 627 2067 quod
655 2022 783 2066 aiunt,
804 2017 911 2066 quod
932 2017 1049 2057 valde
1076 2018 1177 2057 utile
1197 2021 1262 2066 sit,
1282 2017 1326 2058 id
1351 2017 1437 2058 fieri
1456 2017 1528 2058 ho·

448 2080 526 2115 388
