1546 2294
615 91 816 130 CICERO
846 90 923 129 DE
953 90 1190 130 OFFICIIS

319 176 576 221 universique
616 185 659 211 se
697 172 750 210 ad
791 171 990 219 Pyrrhum
1033 172 1320 210 contulerunt?
1378 170 1516 219 Quid?

321 259 665 298 Lacedaemonios
699 259 851 295 iniuste
885 259 1133 303 imperantes
1172 269 1309 294 nonne
1343 261 1516 303 repente

319 357 460 382 omnes
472 343 559 381 fere
573 344 668 380 socii
683 341 952 380 deseruerunt
968 346 1298 388 spectatoresque
1311 353 1354 379 se
1368 343 1515 379 otiosos

317 429 594 476 praebuerunt
616 426 853 464 Leuctricae
874 425 1139 463 calamitatis?

372 504 487 542 VIII.
522 504 702 541 Externa
722 503 917 540 libentius
936 504 980 539 in
999 501 1073 539 tali
1088 515 1132 540 re
1153 515 1274 549 quam
1289 501 1512 540 domestica

315 589 513 628 recordor.
558 588 709 626 Verum
729 592 882 634 tamen,
904 600 1026 633 quam
1046 586 1116 624 diu
1136 588 1352 634 imperium
1371 585 1510 633 populi

319 675 488 712 Romani
514 672 722 711 beneficiis
748 671 981 717 tenebatur,
1001 684 1083 708 non
1110 673 1279 717 iniuriis,
1306 670 1414 708 bella
1439 674 1512 708 aut

314 772 387 807 pro
417 761 533 797 sociis
563 762 634 795 aut
664 756 717 794 de
747 758 916 802 imperio
946 755 1209 802 gerebantur,
1230 757 1363 793 exitus
1395 759 1512 792 erant

314 844 516 883 bellorum
546 847 618 880 aut
646 844 767 879 mites
797 845 869 878 aut
897 842 1126 886 necessarii,
1155 852 1312 886 regum,
1342 839 1510 887 populo-

314 942 418 976 rum,
452 931 666 965 nationum
701 930 841 973 portus
881 929 970 963 erat
1008 930 1052 962 et
1090 923 1293 970 refugium
1332 929 1512 971 senatus,

231 1017 284 1057 27
314 1016 442 1052 nostri
461 1017 600 1050 autem
620 1013 879 1057 magistratus
899 1012 1243 1056 imperatoresque
1264 1022 1314 1046 ex
1333 1007 1410 1046 hae
1429 1021 1508 1046 una

314 1111 360 1137 re
379 1099 595 1135 maximam
616 1094 779 1132 laudem
800 1106 944 1141 capere
965 1092 1199 1140 studebant,
1220 1095 1253 1130 si
1273 1095 1509 1140 provincias,

203 1176 296 1230 (27)
317 1186 349 1221 si
369 1185 495 1221 socios
515 1182 722 1227 aequitate
743 1183 787 1216 et
813 1178 893 1216 fide
921 1177 1223 1222 defendissent3
1251 1179 1390 1224 itaque
1410 1177 1511 1215 illud

318 1268 587 1315 patrocinium
614 1264 720 1301 orbis
747 1267 880 1300 terrae
908 1264 1039 1300 verius
1059 1274 1180 1308 quam
1206 1263 1421 1309 imperium
1444 1274 1515 1309 po-

318 1357 427 1391 terat
445 1351 654 1388 nominari.

375 1436 535 1476 Sensim
563 1433 668 1471 hanc
698 1431 1036 1470 consuetudinem
1070 1436 1114 1469 et
1147 1430 1400 1478 disciplinam
1434 1433 1513 1469 iam

318 1527 440 1561 antea
458 1519 754 1564 minuebamus,
776 1522 868 1564 post
887 1529 982 1554 vero
1008 1515 1144 1554 Sullae
1169 1518 1376 1553 victoriam
1397 1519 1511 1563 peni-

318 1612 384 1645 tus
410 1606 635 1648 amisimus;
664 1602 841 1640 desitum
871 1605 934 1638 est
954 1603 1063 1638 enim
1083 1599 1210 1637 videri
1233 1601 1447 1646 quicquam
1467 1603 1510 1637 in

318 1688 444 1725 socios
463 1687 660 1731 iniquum,
676 1695 767 1720 cum
784 1683 1006 1719 exstitisset
1026 1683 1067 1717 in
1087 1683 1194 1718 cives
1209 1684 1324 1718 tanta
1339 1679 1512 1718 crudeli-

317 1777 389 1810 tas.
450 1769 559 1816 Ergo
587 1770 629 1805 in
657 1766 728 1804 illo
756 1770 896 1804 secuta
924 1770 987 1803 est
1013 1764 1227 1803 honestam
1251 1777 1411 1802 causam
1431 1777 1513 1802 non

319 1859 493 1896 honesta
511 1857 703 1899 victoria;
730 1858 794 1892 est
814 1855 922 1891 enim
942 1865 1060 1890 ausus
1080 1851 1228 1898 dicere,
1249 1850 1364 1889 hasta
1383 1854 1513 1898 posita

315 1953 408 1978 cum
440 1938 547 1976 bona
580 1939 622 1973 in
656 1935 744 1973 foro
782 1933 980 1972 venderet
1018 1937 1062 1971 et
1100 1933 1295 1970 bonorum
1334 1934 1508 1970 virorum

314 2026 358 2059 et
383 2017 648 2065 locupletium
672 2020 716 2055 et
745 2019 856 2053 certe
886 2016 1047 2057 civium,
1069 2003 1294 2058 “praedam
1319 2024 1364 2051 se
1391 2025 1504 2050 suam

428 2078 505 2116 194
