1546 2294
603 107 803 147 CICERO
834 108 911 147 DE
940 110 1177 150 OFFICIIS

227 183 280 224 66
366 187 503 235 Atque
537 187 632 227 huic
670 192 747 228 arti
787 189 958 229 finitima
996 197 1060 230 est
1097 192 1260 232 dicendi
1307 185 1500 242 [gravior]

310 245 502 291 facultas¹
516 257 560 291 et
574 255 726 300 gratior
746 259 790 293 et
805 258 992 295 ornatior.
1016 255 1127 304 Quid
1143 261 1253 296 enim
1269 259 1503 307 eloquentia

311 316 592 362 praestabilius
612 317 676 356 vel
697 317 964 358 admiratione
985 310 1239 360 audientium
1259 322 1324 361 vel
1344 336 1415 371 spe
1442 326 1504 362 in-

310 380 541 427 digentium
588 379 653 420 vel
703 396 856 431 eorum,
895 386 964 431 qui
1004 384 1163 424 defensi
1201 392 1311 435 sunt,
1348 389 1504 436 gratia?

314 445 422 483 Huic
444 436 642 493 [quoque]
664 440 785 494 ergo²
805 461 828 485 a
848 449 1064 488 maioribus
1084 453 1232 490 nostris
1252 457 1315 491 est
1338 452 1380 490 in
1408 457 1504 511 toga

309 503 546 556 dignitatis³
566 513 815 560 principatus
835 512 964 552 datus.
1009 513 1162 554 Diserti
1181 518 1306 564 igitur
1325 507 1500 556 hominis

310 579 354 612 et
373 573 492 613 facile
513 575 746 624 laborantis,
767 577 957 625 quodque
984 581 1027 616 in
1053 582 1195 626 patriis
1221 585 1285 619 est
1310 582 1501 630 moribus,

310 639 530 678 multorum
551 650 688 680 causas
715 646 759 680 et
784 654 867 680 non
890 648 1056 690 gravate
1085 648 1128 682 et
1152 648 1331 691 gratuito
1357 645 1501 686 defen-

309 702 445 742 dentis
466 704 662 743 beneficia
683 711 726 744 et
741 709 964 753 patrocinia
983 707 1065 747 late
1086 710 1242 756 patent.

225 766 277 808 67
366 767 626 807 Admonebat
645 783 711 808 me
732 783 808 817 res,
830 776 876 808 ut
902 771 979 810 hoc
1002 785 1163 820 quoque
1186 773 1275 812 loco
1298 776 1499 814 intermis-

308 834 463 870 sionem
481 833 753 882 eloquentiae,
769 848 822 873 ne
843 835 974 873 dicam
989 839 1215 885 interitum,
1231 838 1499 887 deplorarem,

307 899 350 934 ni
370 910 545 944 vererer,
567 911 618 936 ne
640 898 692 937 de
712 912 778 937 me
799 902 885 946 ipso
905 899 1058 948 aliquid
1078 901 1238 941 viderer
1257 906 1382 950 queri.
1415 904 1496 943 Sed

307 966 444 999 tamen
476 962 673 1010 videmus,
705 964 858 1010 quibus·
881 968 1093 1004 exstinctis
1122 967 1346 1006 oratoribus
1375 981 1493 1015 quam

305 1028 347 1063 in
368 1029 504 1073 paucis
524 1040 628 1074 spes,
649 1033 802 1074 quanto
826 1031 868 1066 in
893 1031 1145 1076 paucioribus
1169 1030 1352 1079 facultas,
1372 1045 1491 1080 quam

305 1092 347 1127 in
362 1090 501 1129 multis
521 1093 575 1129 sit
589 1091 765 1130 audacia.
799 1093 899 1131 Cum
916 1099 1054 1132 autem
1070 1108 1210 1134 omnes
1226 1109 1307 1134 non
1323 1100 1491 1144 possint,

304 1167 356 1192 ne
383 1154 502 1193 multi
529 1155 708 1203 quidem,
732 1161 804 1194 aut
835 1159 930 1196 iuris
962 1161 1083 1205 periti
1114 1172 1202 1198 esse
1233 1165 1305 1198 aut
1336 1160 1490 1209 diserti,

304 1218 401 1256 licet
414 1223 551 1257 tamen
564 1232 686 1266 opera
702 1219 892 1267 prodesse
905 1221 1044 1260 multis
1057 1223 1253 1261 beneficia
1265 1229 1492 1272 petentem,

303 1282 659 1321 commendantem
685 1283 897 1331 iudicibus,
918 1287 1234 1334 magistratibus,
1256 1288 1492 1334 vigilantem

303 1359 375 1393 pro
403 1359 447 1385 re
476 1346 655 1394 alterius,
686 1360 755 1386 eos
785 1350 906 1396 ipsos,
935 1352 1004 1396 qui
1034 1355 1106 1388 aut
1134 1351 1401 1390 consuluntur
1423 1358 1494 1392 aut

301 1410 545 1458 defendunt,
575 1417 810 1459 rogantem3
839 1413 948 1460 quod
977 1417 1046 1460 qui
1076 1413 1244 1461 faciunt,
1273 1415 1491 1463 plurimum

299 1477 453 1521 gratiae
496 1480 814 1523 consequuntur,
853 1476 1129 1525 latissimeque
1168 1491 1308 1518 eorum
1350 1485 1488 1520 manat

298 1538 503 1577 industria.

214 1601 264 1639 68
355 1602 439 1640 Iam
479 1603 579 1641 illud
619 1617 700 1641 non
739 1608 835 1642 sunt
873 1604 1119 1644 admonendi
1158 1597 1242 1652 (est
1283 1610 1392 1646 enim
1440 1611 1483 1647 in

295 1658 517 1714 promptu),
533 1672 580 1705 ut
598 1667 938 1715 animadvertant,
956 1682 1047 1707 cum
1068 1672 1203 1709 iuvare
1222 1670 1320 1710 alios
1341 1672 1483 1721 velint,

293 1743 346 1769 ne
377 1743 478 1777 quos
508 1730 727 1770 offendant.
789 1732 918 1780 Saepe
951 1736 1060 1771 enim
1093 1739 1165 1773 aut
1198 1747 1266 1773 eos
1299 1735 1482 1785 laedunt,

340 1810 504 1843 'dicendi
511 1822 663 1853 gravwr
666 1811 833 1854 facultas
858 1812 884 1844 B
909 1813 941 1844 H
965 1813 1000 1850 b;
1020 1825 1171 1855 gravzor
1174 1815 1341 1857 facultas
1365 1815 1393 1848 L
1409 1827 1429 1849 c
1445 1827 1482 1859 ρς

294 1855 438 1886 dicendi
451 1853 627 1897 [gravior]
638 1855 804 1897 facultas
826 1856 1253 1933 Ed.;d2cend1hsacultas
1272 1859 1469 1893 Lambinus

339 1897 450 1930 ²huic
472 1910 540 1940 quo
565 1910 608 1931 ue
630 1910 708 1941 ergv
734 1900 761 1931 Β
781 1899 813 1931 H
837 1901 862 1932 L
879 1900 902 1932 b
918 1901 1253 1944 c‚13t.;u1cergo
1271 1903 1480 1942 Facciolati;

292 1941 342 1991 Itu=
347 1942 379 1973 ic
394 1940 543 1984 [quoque
573 1953 652 1984 ergo
669 1942 734 1975 Ed.

335 1985 400 2017 ιςίη
417 1989 496 2027 toga
513 1986 706 2027 dig-anatis
723 1987 779 2019 Le
792 1998 827 2030 p,
849 1986 957 2026 Edd..
975 1987 1014 2020 in
1031 1990 1103 2020 tota
1120 1988 1325 2031 dignitatis,
1338 1990 1367 2022 B
1381 1990 1416 2023 H
1432 1991 1476 2030 b.

304 2040 344 2062 m
360 2032 433 2061 tota
449 2029 628 2071 dignitate
642 2041 676 2062 a.
763 2050 773 2056 κ

395 2087 476 2122 240
