1520 2320
137 584 189 625 73

139 1485 193 1526 74·

510 106 711 145 CICERO
741 106 818 144 DE
847 106 1084 148 OFFICIIS

218 190 475 234 magistratus
507 193 551 225 et
580 188 762 234 gerenda
792 201 856 226 res
887 189 1048 235 publica
1079 195 1163 236 est;
1191 203 1268 229 nec
1297 193 1407 230 enim

218 244 337 282 aliter
355 248 428 282 aut
445 246 533 290 regi
554 246 693 282 civitas
713 249 784 282 aut
803 244 997 283 declarari
1021 249 1144 284 animi
1167 247 1408 294 magnitudo

219 305 363 347 potest.
425 300 738 347 Capessentibus
760 306 899 338 autem
918 314 1005 339 rem
1025 302 1229 350 publicam
1251 303 1379 341 nihilo
1393 294 1407 320 ¹

219 359 350 394 minus
377 369 498 403 quam
524 356 787 404 philosophis,
807 357 917 395 haud
943 361 1024 396 scio
1051 372 1103 396 an
1128 362 1256 406 magis
1283 362 1407 397 etiam

219 418 262 451 et
287 412 589 459 magnificentia
616 418 660 451 et
686 413 951 460 despicientia
977 414 1209 453 adhibenda
1235 408 1326 453 est²
1345 428 1408 454 re-

219 483 308 507 rum
334 469 613 516 humanarum,
641 483 762 516 quam
789 483 909 517 saepe
937 470 1040 518 dico,
1068 476 1112 509 et
1137 471 1408 519 tranquillitas

218 528 342 563 animi
379 530 502 572 atque
541 528 746 572 securitas,
786 526 985 573 siquidem
1022 540 1100 565 nec
1137 530 1245 565 anxii
1282 527 1408 565 futuri

219 587 315 620 sunt
342 586 385 619 et
407 595 499 619 cum
522 585 722 628 gravitate
747 585 1054 629 constantiaque
1077 586 1231 621 victuri.
1293 582 1409 631 Quae

219 638 396 676 faciliora
427 642 523 675 sunt
553 637 814 685 philosophis,
842 652 922 685 quo
947 642 1080 678 minus
1106 639 1235 678 multa
1265 645 1410 687 patent

220 697 263 732 in
297 707 436 732 eorum
470 697 564 741 vita,
599 707 702 740 quae
736 694 898 732 fortuna
931 694 1063 742 feriat,
1094 700 1137 734 et
1167 709 1247 743 quo
1276 698 1409 734 minus

219 751 358 788 multis
381 751 501 788 rebus
525 755 664 797 egent,
686 755 730 788 et
753 753 859 798 quia,
881 753 913 789 si
937 751 1035 798 quid
1058 751 1215 790 adversi
1235 755 1409 799 eveniat,

219 812 305 845 tam
341 809 519 854 graviter
557 806 702 844 cadere
739 820 821 844 non
859 813 1037 854 possunt.
1098 806 1296 855 Quocirca
1328 821 1411 846 non

222 866 308 901 sine
349 876 468 900 causa
510 865 680 901 maiores
721 868 854 900 motus
893 866 1117 901 animorum
1156 867 1411 902 concitantur

222 922 452 966 maioraque
490 919 625 957 studia
662 912 886 957 efficiendi³
918 932 1005 957 rem
1033 920 1236 967 publicam
1264 933 1411 967 geren-

220 977 328 1014 tibus
353 989 473 1022 quam
497 978 657 1022 quietis,
678 988 758 1022 quo
784 978 911 1022 magis
937 978 984 1014 iis
1012 981 1055 1014 et
1080 976 1319 1023 magnitudo
1348 981 1410 1016 est

220 1035 343 1070 animi
362 1031 594 1069 adhibenda
613 1036 657 1070 et
675 1034 852 1069 vacuitas
871 1032 922 1069 ab
941 1033 1167 1078 angoribus.

277 1088 343 1126 Ad
369 1101 455 1126 rem
482 1087 705 1134 gerendam
730 1093 867 1126 autem
894 1091 963 1135 qui
988 1088 1159 1134 accedit,
1183 1093 1336 1135 caveat,
1356 1101 1408 1126 ne

222 1145 264 1183 id
289 1144 410 1182 modo
437 1144 680 1190 consideret,
708 1157 827 1190 quam
854 1144 924 1181 illa
949 1157 1013 1182 res
1043 1144 1215 1182 honesta
1245 1147 1310 1192 sit,
1337 1144 1409 1182 sed

222 1203 346 1239 etiam
373 1205 420 1238 ut
445 1200 595 1238 habeat
622 1200 820 1238 efficiendi
848 1199 1105 1246 facultatem3
1141 1203 1184 1238 in
1213 1213 1293 1247 quo
1323 1203 1410 1247 ipso

223 1256 559 1295 considerandum
584 1261 659 1302 est,
680 1269 732 1294 ne
756 1261 828 1294 aut
851 1261 1006 1294 temere
1031 1256 1222 1303 desperet
1244 1261 1411 1304 propter

222 1316 422 1360 ignaviam
460 1317 532 1350 aut
568 1315 688 1350 nimis
726 1312 902 1350 confidat
932 1317 1098 1359 propter
1131 1312 1407 1359 cupiditatem.

227 1370 276 1407 In
299 1369 484 1406 omnibus
507 1373 645 1406 autem
668 1371 856 1415 negotiis,
880 1371 989 1415 prius
1013 1382 1134 1415 quam
1159 1368 1408 1415 aggrediare.

221 1425 452 1464 adhibenda
472 1429 534 1462 est
554 1427 804 1471 praeparatio
824 1424 1008 1471 diligens.

278 1480 412 1519 XXII.
446 1480 527 1519 Sed
557 1494 649 1518 cum
678 1480 860 1528 plerique
886 1481 1134 1518 arbitrentur
1157 1493 1221 1518 res
1245 1479 1409 1518 bellicas

221 1541 391 1575 maiores
430 1550 517 1574 esse
556 1550 677 1583 quam
716 1537 900 1583 urbanas,
939 1536 1160 1574 minuenda
1202 1541 1265 1574 est
1307 1536 1408 1574 haec

221 1597 367 1641 opinio.
411 1593 533 1630 Multi
549 1595 658 1630 enim
673 1593 780 1630 bella
799 1606 919 1639 saepe
939 1595 1225 1639 quaesiverunt
1243 1597 1409 1639 propter

220 1651 371 1697 gloriae
400 1649 679 1696 cupiditatem,
703 1654 826 1695 atque
855 1648 897 1686 id
926 1651 968 1685 in
997 1651 1153 1694 magnis
1178 1651 1322 1686 animis
1347 1651 1407 1686 in-

219 1709 430 1753 geniisque
475 1705 714 1752 plerumque
759 1707 974 1751 contingit,
1023 1718 1151 1751 eoque
1196 1707 1337 1750 magis,
1376 1707 1409 1742 si

219 1767 315 1801 sunt
351 1761 404 1799 ad
442 1774 529 1799 rem
567 1761 784 1798 militarem
823 1764 907 1807 apti
947 1765 990 1799 et
1032 1760 1167 1808 cupidi
1211 1760 1408 1798 bellorum

275 1876 400 1909 'nihilo
417 1875 657 1916 XVesenberg,
677 1875 788 1913 Edd.;
804 1875 903 1907 nihil
918 1874 1020 1907 MSS.

265 1919 279 1940 ¹²
290 1924 343 1953 est
359 1920 553 1958 Manutius,
575 1919 683 1957 Edd.;
699 1919 750 1951 sit
766 1919 868 1951 MSS.

263 1964 276 1984 ²²
288 1965 495 2005 maioraque
518 1964 641 1995 studia
667 1963 845 2006 efficiendi
866 1962 1005 2004 Unger,
1027 1962 1174 1999 Mallem
1199 1962 1406 2005 maioraque

217 2020 236 2042 e
277 2009 397 2041 ciendi
416 2006 460 2039 Αι
478 2008 506 2039 Β
534 2008 566 2039 H
596 2008 622 2039 L
639 2006 661 2038 b
677 2018 718 2044 ες
743 2007 925 2049 maiorque
946 2017 1033 2038 cura
1056 2006 1235 2049 efficiendi
1275 2017 1311 2047 a,
1330 2007 1402 2046 Bt„

220 2053 336 2085 Heine
350 2065 358 2090 ;
377 2052 582 2094 maioraque
597 2051 782 2094 efficienda
798 2049 844 2082 ΑΨ·
859 2061 893 2092 p.

327 2108 377 2145 74
