1520 2320
158 352 210 392 79

168 1229 219 1263 80

174 1875 219 1909 81

530 119 731 159 CICERO
762 118 838 158 DE
868 118 1105 158 OFFICIIS

237 203 499 248 militaribus3
529 204 572 239 in
585 202 730 248 quibus
750 201 841 248 plus
857 204 981 239 etiam
997 214 1118 248 quam
1138 203 1180 238 in
1201 200 1264 238 his
1283 212 1430 246 operae

237 275 442 323 studiique
462 275 698 323 ponendum
719 279 792 313 est.

296 348 454 386 XXIII.
488 348 668 387 Omnino
694 347 796 385 illud
827 346 1058 393 honestum,
1085 345 1194 394 quod
1223 359 1273 384 ex
1298 348 1433 384 animo

240 421 400 459 excelso
420 420 715 467 magnificoque
736 423 977 467 quaerimus,
998 422 1121 457 animi
1148 419 1330 465 efficitur,
1350 431 1432 456 non

241 497 416 542 corporis
443 494 602 532 viribus.
665 492 949 531 Exercendum
973 498 1112 531 tamen
1137 505 1280 539 corpus
1307 496 1351 530 et
1375 493 1434 529 ita

240 567 495 605 afficiendum
512 572 586 613 est,
600 571 647 604 ut
667 565 858 604 oboedire
875 565 1040 603 consilio
1061 567 1288 612 rationique
1308 566 1434 612 possit

242 644 284 679 in
327 639 597 687 exsequendis
641 641 816 686 negotiis
863 644 907 677 et
949 641 991 676 in
1033 638 1170 676 labore
1209 636 1432 676 tolerando.

245 714 480 752 Honestum
512 718 651 750 autem
683 712 738 758 id,
769 711 878 758 quod
913 713 1171 758 exquirimus,
1206 715 1339 748 totum
1373 714 1436 748 est

245 789 422 834 positum
451 788 493 823 in
523 787 647 822 animi
678 798 773 822 cura
803 789 847 822 et
878 786 1146 830 cogitatione3
1174 785 1218 820 in
1246 795 1326 830 quo
1354 795 1437 820 non

245 862 445 897 minorem
466 858 689 896 utilitatem
713 857 900 903 afferunt,
921 859 989 903 qui
1014 858 1144 903 togati
1168 858 1226 894 rei
1253 855 1438 903 publicae

245 937 453 980 praesunt,
475 945 595 978 quam
626 933 694 978 qui
724 930 877 968 bellum
906 934 1066 977 gerunt.
1128 929 1272 976 Itaque
1300 941 1439 967 eorum

247 1005 414 1044 consilio
442 1018 563 1052 saepe
590 1009 662 1042 aut
692 1017 775 1041 non
804 1007 991 1050 suscepta
1018 1007 1089 1040 aut
1117 1001 1304 1040 confecta
1332 1000 1440 1039 bella

248 1084 357 1125 sunt,
393 1091 476 1116 non
515 1090 739 1124 numquam
778 1079 902 1114 etiam
942 1075 1066 1122 illata,
1098 1080 1146 1113 ut
1184 1074 1240 1112 M.
1277 1074 1438 1113 Catonis

246 1151 400 1190 bellum
420 1153 589 1189 tertium
611 1149 821 1195 Punicum,
841 1151 884 1185 in
904 1161 984 1194 quo
1004 1150 1128 1186 etiam
1147 1149 1296 1185 mortui
1314 1145 1442 1184 valuit

250 1226 478 1262 auctoritas.
559 1221 697 1269 Quare
738 1221 971 1268 expetenda
1009 1219 1175 1267 quidem
1212 1222 1340 1267 magis
1379 1223 1443 1258 est

251 1294 502 1335 decernendi
540 1297 643 1332 ratio
682 1307 803 1340 quam
842 1291 1077 1330 decertandi
1122 1291 1332 1338 fortitudo,
1371 1290 1443 1330 sed

254 1367 493 1414 cavendum,
514 1380 567 1405 ne
588 1366 631 1404 id
651 1365 830 1404 bellandi
851 1367 978 1411 magis
999 1364 1095 1411 fuga
1116 1377 1236 1410 quam
1256 1363 1443 1402 utilitatis

252 1444 409 1479 ratione
442 1439 644 1477 faciamus.
706 1437 866 1476 Bellum
885 1442 1023 1475 autem
1043 1439 1101 1474 ita
1126 1439 1378 1484 suscipiatur,
1398 1441 1444 1474 ut

253 1513 354 1552 nihil
375 1512 486 1550 aliud
506 1514 582 1549 nisi
602 1525 679 1558 pax
700 1513 882 1557 quaesita
901 1509 1096 1547 videatur.

311 1587 442 1624 Fortis
463 1598 558 1623 vero
579 1586 702 1621 animi
723 1588 766 1621 et
786 1584 1009 1620 constantis
1030 1586 1093 1620 est
1112 1594 1192 1619 non
1217 1581 1441 1629 perturbari

253 1663 295 1698 in
324 1660 444 1697 rebus
476 1660 626 1705 asperis
655 1670 732 1695 nec
760 1655 1080 1694 tumultuantem
1100 1654 1152 1692 de
1178 1654 1304 1702 gradu
1325 1654 1444 1702 deici,

253 1738 301 1771 ut
328 1732 490 1777 dicitur,
511 1730 583 1768 sed
612 1731 816 1777 praesenti
837 1731 972 1766 animo
991 1730 1052 1765 uti
1073 1731 1117 1765 et
1142 1726 1307 1765 consilio
1325 1739 1403 1765 nec
1421 1739 1444 1764 a

253 1807 409 1843 ratione
429 1802 649 1842 discedere.

312 1869 567 1916 Quamquam
594 1867 670 1904 hoc
691 1868 827 1912 animi,
848 1864 949 1903 illud
976 1867 1099 1903 etiam
1126 1866 1280 1911 ingenii
1309 1867 1445 1911 magni

258 1947 335 1988 est,
357 1943 590 1989 praecipere
612 1942 858 1986 cogitatione
879 1939 1015 1978 futura
1034 1943 1078 1977 et
1103 1929 1331 1986 aliquanto¹
1349 1943 1446 1978 ante

511 2051 715 2094 ¹aliquanto
733 2050 842 2088 Edd.;
859 2050 1055 2092 aliquando
1072 2049 1175 2083 MSS,

369 2109 419 2142 ‘30
