1546 2294
233 1357 284 1394 83

594 125 794 165 CICERO
824 125 901 164 DE
931 125 1167 165 OFFICIIS

302 209 478 248 reditum
504 221 621 246 suum
648 210 763 246 iussit
793 220 895 255 esse,
919 210 1033 254 isque
1064 206 1253 245 celeriter
1277 205 1330 245 ad
1357 204 1492 244 Ptolo-

304 299 477 332 maeum,
513 298 631 323 suum
663 283 882 332 hospitem,
913 286 1040 330 venit,
1072 285 1142 331 qui
1175 287 1265 321 tum
1297 281 1497 330 regnabat

304 362 408 400 alter
442 367 534 409 post
565 361 866 399 Alexandream
901 360 1118 398 conditam.
1178 351 1268 398 Cui1
1300 371 1392 397 cum
1426 370 1496 397 ex·

304 441 505 487 posuisset
536 440 708 485 patriam
739 450 782 476 se
813 437 986 475 liberare
1015 435 1121 475 velle
1152 448 1394 482 causamque
1424 433 1495 473 do-

304 518 466 562 cuisset,
482 528 506 552 a
520 527 618 562 rege
634 513 829 561 opulento
844 516 904 550 vir
919 525 1098 551 summus
1113 511 1232 550 facile
1247 512 1494 559 impetravit,

303 597 350 631 ut
365 591 510 639 grandi
524 593 698 638 pecunia
712 589 981 628 adiuvaretur.
1022 587 1156 636 Quam
1171 601 1264 627 cum
1279 587 1493 635 Sicyonem

302 668 522 714 attulisset,
537 667 725 706 adhibuit
744 667 819 705 sibi
839 669 882 703 in
902 665 1115 704 consilium
1133 665 1367 713 quindecim
1386 666 1495 712 prin-

306 748 429 792 cipes,
462 757 554 782 cum
587 744 732 791 quibus
767 756 904 781 causas
939 744 1131 790 cognovit
1165 746 1209 780 et
1243 754 1398 788 eorum,
1428 741 1497 788 qui

305 821 438 859 aliena
466 820 679 866 tenebant,
701 824 745 857 et
774 832 926 866 eorum,
952 821 1020 866 qui
1050 831 1121 857 sua
1148 821 1381 864 amiserant,
1407 829 1498 865 per-

307 899 488 945 fecitque
514 896 775 935 aestimandis
805 896 1135 943 possessionibus,
1168 899 1215 933 ut
1237 894 1502 942 persuaderet

307 975 408 1022 aliis,
437 978 486 1012 ut
513 976 727 1021 pecuniam
756 975 939 1019 accipere
969 971 1153 1019 mallent,
1186 970 1501 1019 possessionibus

308 1050 517 1096 cederent,
533 1049 634 1096 aliis,
650 1053 697 1086 ut
716 1047 964 1086 commodius
979 1052 1174 1095 putarent
1189 1049 1391 1086 numerari
1410 1047 1500 1094 sibi,

310 1126 420 1174 quod
445 1128 551 1165 tanti
578 1130 699 1172 esset,
720 1138 840 1172 quam
867 1137 983 1163 suum
1009 1137 1259 1171 recuperare.
1321 1123 1384 1162 Ita
1410 1137 1500 1172 per-

311 1204 466 1242 fectum
474 1207 550 1249 est,
559 1207 606 1240 ut
618 1214 758 1240 omnes
771 1200 984 1239 concordia
996 1203 1217 1239 constituta
1229 1203 1316 1239 sine
1324 1199 1505 1248 querella

313 1279 582 1318 discederent.

371 1351 409 1391 Ο
439 1354 568 1389 virum
596 1363 790 1398 magnum
820 1349 1084 1396 dignumque,
1105 1352 1174 1396 qui
1203 1352 1246 1387 in
1274 1362 1318 1388 re
1347 1349 1506 1397 publica

315 1433 453 1467 nostra
472 1432 592 1465 natus
613 1426 739 1464 esset!
799 1425 864 1463 Sic
885 1438 956 1472 par
983 1430 1046 1463 est
1072 1437 1194 1471 agere
1222 1437 1315 1463 cum
1341 1425 1507 1472 civibus,

315 1517 411 1550 non,
438 1508 486 1541 ut
511 1503 572 1540 bis
598 1504 679 1539 iam
705 1501 891 1547 vidimus,
918 1499 1075 1538 hastam
1103 1503 1145 1538 in
1171 1499 1259 1539 foro
1284 1513 1436 1548 ponere
1463 1505 1507 1540 et

316 1581 422 1618 bona
435 1581 581 1617 civium
594 1579 681 1615 voci
694 1569 894 1615 subicere2
907 1579 1127 1623 praeconis.
1159 1575 1218 1614 At
1229 1575 1299 1614 ille
1313 1575 1506 1623 Graecus,

317 1655 358 1694 id
387 1654 497 1702 quod
527 1653 606 1691 fuit
636 1655 830 1700 sapientis
862 1657 905 1690 et
936 1655 1178 1699 praestantis
1207 1655 1293 1700 viri,
1322 1654 1507 1694 omnibus

318 1732 613 1773 consulendum
632 1734 804 1779 putavit,
826 1743 954 1778 eaque
979 1735 1043 1768 est
1068 1744 1224 1770 summa
1250 1734 1352 1770 ratio
1378 1737 1423 1771 et
1447 1745 1508 1772 sa-
1543 1776 1546 1779 ἢ

319 1812 474 1858 pientia
505 1808 601 1846 boni
635 1809 745 1853 civis,
778 1806 988 1845 commoda
1019 1809 1166 1845 civium
1199 1819 1283 1846 non
1315 1807 1509 1850 divellere

319 1891 442 1934 atque
462 1886 593 1923 omnis
616 1885 824 1930 aequitate
851 1882 995 1921 eadem
1021 1885 1241 1922 continere.
1303 1883 1510 1926 Habitent

451 2010 463 2032 ¹
475 2012 536 2044 cui
551 2010 659 2047 Edd.;
682 2010 749 2052 qui
764 2009 866 2042 MSS.

451 2053 627 2088 ²subicere
644 2054 671 2086 L
688 2065 706 2085 c
723 2064 757 2096 p,
776 2053 884 2091 Edd.;
904 2053 1083 2086 subiacere
1099 2054 1125 2086 B
1143 2053 1178 2086 H
1195 2064 1220 2087 a
1234 2053 1269 2088 b·

443 2110 509 2145 258
