1520 2320
606 76 806 116 CICERO
838 76 913 115 DE
943 77 1180 121 OcFIOEIIS

230 157 283 198 64
370 158 452 198 Sed
483 158 585 197 illud
615 159 799 197 odiosum
830 164 906 206 est,
936 166 1118 206 qumscin
1147 159 1223 198 hac
1253 159 1431 200 elatione
1461 165 1506 201 et

315 218 599 265 magnitudine
637 221 762 256 animi
801 218 992 257 facillime
1035 221 1259 267 pertinacia
1301 225 1346 259 et
1382 223 1508 259 nimia

316 278 516 326 cupiditas
555 281 804 326 principatus
843 282 1112 322 innascitufflss
1152 279 1212 318 Ut
1249 282 1359 318 enim
1397 280 1509 328 apud

177 347 287 374 Laches
319 339 531 376 Platonem
552 343 627 384 est,
648 352 812 376 omnem
831 352 986 377 morem
1007 339 1419 382 Lacedaemoniorum
1448 342 1510 379 in-

178 381 265 409 182E
317 399 565 437 flammatum
592 412 679 437 esse
707 399 930 446 cupiditate
957 400 1161 447 vincendi,
1181 403 1250 448 sic,
1271 405 1319 439 ut
1337 403 1508 448 quisque

317 462 441 497 animi
475 459 758 505 magnitudine
794 462 968 497 maxime
1005 453 1210 507 excellet,1
1240 463 1298 499 ita
1332 464 1506 500 maxime

319 519 406 557 vult
426 521 613 566 princeps
628 521 808 557 omnium
824 519 888 557 vel
903 522 1037 567 potius
1052 519 1158 558 solus
1174 533 1272 558 esse.
1333 520 1505 560 Difficile

319 584 457 617 autem
482 584 557 625 est,
578 592 670 617 cum
697 583 901 626 praestare
928 580 1114 618 omnibus
1140 583 1403 628 concupieris,
1422 594 1504 620 ser-

321 652 413 677 vare
444 642 706 686 aequitatem,
728 652 831 686 quae
852 644 915 677 est
934 642 1112 678 iustitiae
1131 642 1306 678 maxime
1332 643 1503 689 propria.

322 699 383 737 Ex
404 712 483 746 quo
503 698 561 745 fit,
583 704 629 736 ut
648 712 782 746 neque
803 699 1099 747 disceptatione
1118 702 1225 738 vinci
1251 713 1294 739 se
1321 713 1398 739 nec
1423 701 1508 740 ullo

322 758 484 806 publico
503 772 549 796 ac
569 758 754 805 legitimo
774 761 860 796 iure
881 762 1100 807 patiantur,
1120 762 1383 808 existuntque
1403 763 1447 799 in
1465 774 1510 801 re

321 819 482 866 publica
497 818 735 865 plerumque
750 818 962 865 largitores
978 824 1021 857 et
1036 819 1206 867 factiosi,
1219 825 1267 858 ut
1281 833 1377 868 opes
1390 834 1510 868 quam

322 881 515 917 maximas
541 883 840 925 consequantur
860 884 904 916 et
930 881 1013 917 sint
1035 872 1098 917 vi2
1124 882 1259 927 potius
1286 883 1510 928 superiores

321 952 442 986 quam
470 940 624 976 iustitia
652 951 778 985 pares.
839 938 921 976 Sed
950 951 1029 985 quo
1058 938 1268 987 difficilius,
1288 939 1366 978 hoc
1394 953 1508 988 prae-

322 998 486 1044 clarius3
505 998 663 1036 nullum
683 1001 793 1036 enim
808 1003 871 1036 est
885 1003 1059 1046 tempus,
1076 999 1185 1046 quod
1199 1002 1353 1038 iustitia
1366 1013 1507 1039 vacare

322 1058 482 1096 debeat.

242 1113 292 1154 65
380 1115 521 1152 Fortes
539 1117 664 1161 igitur
685 1119 728 1152 et
746 1117 993 1161 magnanimi
1013 1120 1109 1154 sunt
1127 1115 1318 1164 habendi,
1338 1130 1421 1155 non
1440 1119 1508 1166 qui

325 1171 492 1217 faciunt,
522 1170 594 1208 sed
623 1173 691 1217 qui
720 1170 957 1218 propulsant
984 1174 1180 1210 iniuriam.
1240 1172 1346 1211 Vera
1373 1178 1511 1212 autem

327 1232 371 1265 et
400 1229 559 1273 sapiens
589 1229 713 1263 animi
743 1227 982 1273 magnitudo
1013 1227 1230 1266 honestum
1261 1228 1376 1276 illud,
1405 1229 1513 1276 quod

326 1285 501 1320 maxime
530 1287 675 1319 natura
704 1285 899 1329 sequitur,
927 1285 970 1320 in
999 1282 1116 1322 factis
1145 1287 1336 1331 positum,
1361 1298 1444 1323 non
1472 1288 1515 1323 in

327 1339 455 1385 gloria
488 1338 641 1376 iudicat
672 1341 979 1385 principemque
1013 1352 1056 1377 se
1092 1352 1180 1378 esse
1210 1340 1366 1379 mavult
1396 1354 1516 1388 quam

329 1394 477 1439 videri3
509 1396 662 1431 etenim
682 1397 750 1440 qui
772 1407 821 1432 ex
846 1407 979 1433 errore
1003 1397 1216 1442 imperitae
1242 1396 1518 1436 multitudinis

329 1450 497 1498 pendet,
514 1449 579 1487 hic
599 1452 641 1486 in
662 1452 818 1496 magnis
834 1452 926 1488 viris
942 1464 1022 1488 non
1040 1456 1103 1489 est
1116 1451 1338 1490 habendus.
1390 1452 1517 1491 Facil-

329 1506 426 1544 lime
460 1511 599 1543 autem
632 1505 684 1543 ad
717 1519 781 1543 res
810 1508 978 1544 iniustas
1011 1507 1247 1555 impellitur,
1274 1513 1322 1546 ut
1347 1511 1516 1556 quisque

331 1562 526 1599 altissimo
554 1563 689 1599 animo
719 1566 794 1608 est,
823 1562 976 1608 gloriae
1005 1556 1274 1610 cupiditate⁸3
1303 1567 1372 1611 qui
1405 1564 1517 1603 locus

333 1623 396 1655 est
421 1630 518 1656 sane
544 1616 734 1663 lubricus,
756 1617 863 1664 quod
890 1621 955 1655 vix
983 1621 1202 1666 invenitur,
1222 1621 1291 1666 qui
1316 1619 1518 1659 laboribus

331 1675 529 1720 susceptis
563 1672 832 1720 periculisque
866 1673 986 1711 aditis
1022 1687 1104 1712 non
1138 1678 1251 1722 quasi
1287 1676 1519 1715 mercedem

331 1742 466 1767 rerum
485 1733 692 1775 gestarum
713 1728 919 1767 desideret
937 1730 1117 1776 gloriam.

365 1825 375 1844 ¹
392 1827 537 1859 excellet
551 1826 582 1857 A
600 1827 628 1858 B
649 1826 682 1858 H
703 1826 730 1858 L
747 1826 770 1858 b
787 1837 824 1864 e;
841 1828 982 1859 excellit
995 1839 1030 1867 a,
1051 1828 1107 1861 Bt.

367 1870 434 1903 ²vi
447 1881 481 1909 a,
502 1870 614 1907 Edd.;
631 1870 719 1901 utA
738 1870 765 1901 B
785 1870 818 1902 H
839 1870 879 1908 b;
897 1875 1086 1914 utcumque
1103 1872 1171 1905 Le.

368 1914 381 1934 ³
393 1914 568 1946 altissimo
584 1914 705 1946 animo
720 1917 783 1952 est,
796 1915 933 1956 gloriae
949 1916 1145 1957 cupiditate
1163 1916 1297 1950 Pearce
1309 1914 1520 1958 (confirmed

335 1958 383 2001 by
397 1959 537 1990 several
556 1957 658 1989 MSS.
668 1959 689 1997 )‚
705 1957 797 1990 Edd.
808 1969 816 1994 ς
829 1959 891 1990 alt.
912 1970 970 1990 an.
991 1962 1026 1990 et
1034 1960 1172 2001 gloriae
1186 1962 1383 2003 cupiditate
1393 1963 1427 1996 A
1440 1963 1468 1995 Β
1483 1962 1518 1996 Η

336 2002 359 2034 b
376 2013 399 2044 p
414 2014 422 2040 ;
439 2005 491 2033 est
505 2002 566 2034 alt.
588 2013 649 2033 an.
668 2004 703 2033 et
712 2002 830 2043 gloria
845 2005 882 2034 et
894 2003 1092 2044 cupiditate
1109 2003 1137 2036 L
1153 2014 1182 2037 c.

443 2051 495 2091 66
