1520 2320
199 192 252 233 66

204 1639 255 1679 68

576 112 778 151 CICERO
808 111 884 150 DE
914 112 1098 152 OFFICI
1103 113 1151 153 IS

337 194 426 233 XX.
460 194 639 232 Omnino
678 194 793 232 fortis
830 197 988 233 animus
1027 200 1071 234 et
1107 208 1278 243 magnus
1316 196 1473 236 duabus

283 255 403 292 rebus
422 257 597 292 maxime
617 257 809 301 cernitur,
831 268 1000 302 quarum
1020 269 1100 293 una
1119 257 1161 293 in
1183 268 1319 294 rerum
1341 261 1474 295 exter-

286 328 429 352 narum
467 314 734 362 despicientia
771 318 948 362 ponitur,
987 329 1078 353 cum
1116 328 1351 363 persuasum
1389 305 1476 354 est1

285 374 387 412 nihil
407 374 628 422 hominem,
648 377 726 412 nisi
746 375 854 422 quod
874 375 1092 413 honestum
1112 375 1384 423 decorumque
1408 378 1474 424 sit,

285 440 356 472 aut
374 434 562 473 admirari
581 439 653 473 aut
672 439 812 482 optare
832 440 904 473 aut
923 441 1117 483 expetere
1141 440 1327 483 oportere
1354 435 1474 474 nulli—

286 508 365 542 que
398 508 533 542 neque
566 494 721 533 homini
755 508 890 543 neque
922 497 1217 543 perturbationi
1245 498 1368 534 animi
1396 509 1474 535 nec

286 555 472 593 fortunae
502 556 774 594 succumbere.
836 556 978 594 Altera
1007 562 1070 595 est
1098 570 1175 604 res,
1205 562 1264 604 ut,
1294 570 1386 595 cum
1416 561 1473 596 ita

286 619 337 654 sis
366 615 533 654 affectus
561 619 709 663 animo,
729 621 776 654 ut
805 629 923 663 supra
952 616 1048 663 dixi,
1069 630 1133 655 res
1161 630 1277 664 geras
1306 631 1473 665 magnas

287 676 375 714 illas
395 676 560 723 quidem
581 681 624 714 et
650 679 824 714 maxime
852 676 986 724 utiles,
1006 676 1078 715 sed
1107 667 1187 723 [ut]
1208 676 1474 716 vehementer

286 736 429 775 arduas
450 737 671 784 plenasque
691 737 873 775 laborum
894 742 937 775 et
955 737 1225 784 periculorum
1244 751 1336 776 cum
1351 740 1472 785 vitae,

286 802 375 835 tum
394 797 614 835 multarum
632 810 780 844 rerum,
802 811 904 844 quae
924 797 976 835 ad
996 800 1119 835 vitam
1139 800 1359 845 pertinent.

345 858 503 895 Harum
522 870 656 895 rerum
677 857 847 895 duarum
867 857 1058 905 splendor
1077 860 1219 904 omnis,
1235 857 1474 906 amplitudo,

287 918 393 956 addo
412 921 536 956 etiam
556 917 790 964 utilitatem,
806 921 848 956 in
868 921 1089 965 posteriore
1110 923 1186 965 est,
1203 931 1321 957 causa
1334 923 1472 957 autem

287 983 331 1017 et
357 981 459 1016 ratio
487 978 663 1016 efficiens
689 991 857 1025 magnos
884 981 987 1016 viros
1014 981 1056 1016 in
1083 981 1235 1026 priore3
1264 981 1306 1016 in
1334 991 1383 1016 eo
1409 984 1474 1017 est

287 1042 397 1077 enim
415 1039 531 1085 illud,
551 1038 659 1086 quod
679 1038 928 1077 excellentes
947 1041 1100 1077 animos
1121 1043 1164 1076 et
1183 1038 1358 1076 humana
1377 1051 1471 1076 con-

286 1105 521 1138 temnentes
536 1098 643 1136 facit.
687 1099 735 1136 Id
750 1104 888 1137 autem
902 1102 1034 1146 ipsum
1050 1102 1229 1137 cernitur
1243 1102 1286 1136 in
1300 1098 1470 1145 duobus,

287 1163 319 1198 si
340 1165 383 1198 et
403 1160 532 1198 solum
551 1159 607 1206 id,
627 1159 735 1206 quod
754 1159 972 1198 honestum
992 1162 1057 1206 sit,
1077 1160 1228 1197 bonum
1254 1159 1407 1198 iudices
1426 1163 1470 1197 et

286 1221 337 1258 ab
358 1223 467 1258 omni
487 1223 609 1257 animi
630 1221 935 1267 perturbatione
955 1220 1058 1257 liber
1084 1222 1146 1258 sis.
1207 1219 1312 1257 Nam
1340 1224 1383 1258 et
1409 1232 1470 1266 ea,

287 1294 390 1327 quae
418 1283 564 1318 eximia
589 1279 791 1327 plerisque
819 1285 863 1317 et
888 1279 1092 1326 praeclara
1118 1279 1320 1326 videntur,
1347 1292 1472 1327 parva

288 1341 437 1378 ducere
469 1353 597 1386 eaque
629 1342 784 1377 ratione
816 1339 950 1377 stabili
983 1339 1176 1386 firmaque
1210 1343 1472 1378 contemnere

288 1400 403 1438 fortis
433 1402 556 1437 animi
586 1402 804 1446 magnique
835 1398 1068 1437 ducendum
1099 1403 1174 1446 est,
1205 1403 1248 1436 et
1279 1412 1340 1445 ea,
1368 1411 1470 1446 quae

288 1460 478 1498 videntur
506 1460 662 1506 acerba,
692 1472 795 1506 quae
825 1459 954 1496 multa
986 1464 1029 1497 et
1054 1461 1160 1496 varia
1189 1461 1231 1496 in
1261 1458 1469 1496 hominum

288 1523 371 1558 vita
390 1519 631 1566 fortunaque
651 1524 875 1566 versantur,
895 1522 952 1556 ita
972 1518 1092 1565 ferre,
1112 1523 1158 1556 ut
1183 1517 1285 1556 nihil
1311 1531 1335 1555 a
1360 1523 1467 1557 statu

287 1586 455 1618 naturae
475 1579 672 1626 discedas,
692 1579 794 1616 nihil
813 1593 837 1616 a
861 1579 1062 1625 dignitate
1089 1581 1295 1626 sapientis,
1315 1578 1468 1617 robusti

286 1642 409 1678 animi
434 1645 496 1677 est
521 1652 773 1686 magnaeque
801 1641 1062 1676 constantiae.
1123 1638 1216 1676 Non
1243 1642 1307 1676 est
1330 1643 1469 1676 autem

287 1704 618 1744 consentaneum,
640 1701 708 1745 qui
727 1703 840 1736 metu
868 1711 949 1735 non
976 1698 1199 1745 frangatur,
1219 1710 1312 1736 eum
1338 1697 1470 1745 frangi

286 1760 510 1808 cupiditate
530 1772 619 1805 nec,
641 1761 709 1805 qui
729 1761 924 1796 invictum
945 1771 987 1796 se
1007 1772 1030 1795 a
1049 1758 1185 1796 labore
1209 1761 1471 1806 praestiterit,

285 1823 433 1858 vincia
457 1818 676 1866 voluptate.
737 1818 869 1865 Quam
897 1818 948 1855 ob
975 1831 1060 1855 rem
1089 1822 1132 1855 et
1157 1817 1258 1855 haec
1284 1810 1472 1855 vitanda2

329 1913 559 1956 ¹persuasum
576 1915 628 1944 est
644 1911 797 1954 Madvig
811 1911 871 1951 (ad
889 1911 932 1942 de
952 1911 1025 1943 Fin.
1041 1921 1073 1953 p.
1089 1911 1155 1953 448
1167 1910 1232 1952 ff.),
1249 1910 1406 1954 Edd.;p.
1422 1911 1473 1943 sit

288 1959 509 2034 Μῗῗὲίαηᾱα
544 1999 635 2032 Edd.
671 1999 765 2041 (cum
798 1998 938 2031 duobus
969 1998 1074 2031 codd.
1108 1997 1469 2041 Guelpherbytanis);

294 2046 440 2135 ‘’idenga
458 2044 561 2077 MSS.

421 2101 442 2135 8
