1520 2320
204 1322 253 1356 41

571 109 771 148 CICERO
802 108 878 146 DE
907 107 1144 146 OFFICIIS

277 235 477 268 censores,
498 219 630 268 quoad
651 222 819 266 quisque
836 231 974 256 eorum
990 220 1103 264 vixit,
1119 219 1188 264 qui
1207 219 1470 264 peierassent‚

278 299 321 334 in
354 297 515 333 aerariis
549 293 803 340 reliquerunt
837 305 913 329 nec
947 293 1080 328 minus
1113 290 1241 337 illum,
1273 292 1342 337 qui
1375 291 1473 328 iuris
1511 305 1513 307 “

280 368 438 407 iurandi
458 367 600 404 fraude
622 366 782 412 culpam
802 367 1024 402 invenerat.
1071 363 1172 401 Cum
1188 365 1297 401 enim
1314 363 1473 400 Hanni-

281 441 380 479 balis
407 442 605 488 permissu
633 442 784 477 exisset
811 437 862 475 de
891 439 1044 483 castris,
1070 436 1194 474 rediit
1220 435 1340 483 paulo
1367 439 1472 482 post,

281 514 389 562 quod
410 527 452 552 se
473 513 645 550 oblitum
660 514 796 549 nescio
813 510 911 557 quid
926 510 1103 555 diceret-,3
1123 509 1274 547 deinde
1290 520 1475 555 egressus

281 601 304 626 e
337 590 475 625 castris
506 589 593 624 iure
624 584 794 622 iurando
823 597 866 622 se
896 582 1073 621 solutum
1102 582 1286 630 putabat,
1315 586 1360 620 et
1387 586 1475 619 erat

282 661 427 707 verbis,
461 673 506 698 re
540 672 623 697 non
659 662 756 696 erat.
818 657 988 704 Semper
1021 661 1159 694 autem
1189 658 1233 693 in
1266 654 1346 694 fide
1377 654 1476 703 quid

282 736 467 779 senseris,
488 745 570 770 non
592 731 690 778 quid
710 730 873 776 dixeris,
895 728 1168 775 cogitandum.

338 807 564 845 Maximum
583 809 721 842 autem
742 802 975 850 exemplum
990 806 1053 840 est
1067 804 1246 840 iustitiae
1261 803 1304 839 in
1317 799 1477 839 hostem

283 895 307 918 a
332 879 548 918 maioribus
572 880 719 915 nostris
744 878 1024 921 constitutum,
1045 887 1138 912 cum
1160 887 1184 911 a
1209 873 1362 921 Pyrrho
1387 886 1479 921 per-

285 953 382 1000 fuga
401 953 561 990 senatui
581 955 644 988 est
664 948 868 997 pollicitus
887 961 931 986 se
951 960 1156 985 venenum
1179 949 1267 994 regi
1289 946 1478 984 daturum

285 1031 329 1063 et
348 1038 442 1063 eum
461 1028 714 1068 necaturum,
735 1025 899 1059 senatus
919 1025 963 1058 et
983 1020 1024 1058 C.
1043 1019 1247 1057 Fabricius
1266 1017 1478 1066 perfugam

287 1097 441 1146 Pyrrho
470 1095 640 1135 dedidit.
702 1094 766 1132 Ita
795 1106 847 1131 ne
876 1092 1004 1131 hostis
1034 1092 1199 1139 quidem
1228 1096 1272 1130 et
1297 1093 1478 1139 potentis

285 1176 329 1210 et
362 1170 516 1209 bellum
549 1168 657 1206 ultro
690 1166 905 1204 inferentis
943 1154 1157 1204 interitum
1195 1178 1288 1203 cum
1325 1163 1479 1202 scelere

286 1233 573 1292 approbavit.]¹

343 1317 405 1354 Ac
425 1315 477 1353 de
498 1314 654 1352 bellicis
675 1313 840 1360 quidem
861 1311 997 1349 officiis
1018 1313 1113 1348 satis
1133 1309 1290 1348 dictum
1309 1314 1382 1348 est.
1404 1327 1408 1332 ·

343 1389 652 1426 Meminerimus
672 1390 810 1422 autem
831 1386 954 1422 etiam
973 1382 1164 1420 adversus
1187 1381 1344 1420 infimos
1367 1385 1480 1420 iusti-

287 1464 387 1500 tiam
407 1473 494 1498 esse
515 1457 765 1497 servandam.
827 1456 900 1494 Est
919 1460 1058 1493 autem
1078 1454 1214 1492 infima
1234 1454 1417 1492 condicio
1437 1459 1481 1492 et

288 1535 451 1572 fortuna
477 1544 694 1577 servorum,
720 1530 864 1576 quibus
891 1542 973 1566 non
999 1527 1105 1566 male
1131 1529 1386 1575 praecipiunt
1411 1529 1480 1575 qui

288 1611 345 1645 ita
367 1606 512 1644 iubent
534 1607 608 1651 uti,
629 1608 676 1641 ut
698 1603 1005 1640 mercennariis:
1035 1613 1199 1648 operam
1223 1599 1479 1647 exigendam,

287 1682 392 1717 iusta
411 1676 653 1725 praebenda.

344 1751 445 1789 Cum
464 1754 602 1787 autem
622 1748 778 1786 duobus
798 1747 939 1793 modis,
954 1746 995 1784 id
1012 1751 1074 1784 est
1094 1750 1165 1784 aut
1179 1748 1218 1783 vi
1233 1750 1304 1783 aut
1323 1745 1478 1792 fraude,

289 1824 358 1862 fiat
377 1825 533 1869 iniuria,
555 1821 662 1859 fraus
683 1823 795 1868 quasi
812 1818 1062 1867 vulpeculae,
1075 1821 1134 1856 vis
1154 1818 1282 1856 leonis
1297 1817 1479 1864 videtui-3

287 1902 505 1943 utrumque
525 1895 689 1932 homine
709 1893 1011 1939 alienissimum,
1028 1891 1100 1930 sed
1116 1891 1223 1928 fraus
1243 1890 1336 1928 odio
1355 1889 1479 1937 digna

350 2002 517 2035 'Secundo
541 2026 548 2033 .
569 2025 576 2033 .
599 2025 605 2032 .
628 2011 664 2032 re
686 2011 756 2031 non
780 2002 857 2031 erat
879 2009 948 2030 om.
985 1998 1011 2029 L
1037 2008 1070 2035 c;
1093 1997 1251 2029 Secundo
1266 2020 1274 2029 .
1295 2019 1303 2029 .
1324 2019 1332 2028 .
1352 1999 1476 2039 appro-

289 2047 390 2080 bavit
403 2057 472 2078 om.
492 2046 525 2078 A
543 2045 569 2077 B
589 2044 622 2076 H
641 2056 663 2076 a
679 2043 703 2076 b
719 2054 754 2086 p,
774 2042 865 2075 Edd.

398 2103 451 2135 44
