1546 2294
678 331 844 369 LIBER
869 331 1108 371 TERTIUS

247 447 263 481 1
357 443 387 482 Ι,
422 444 463 482 P.
487 443 732 491 Scipionem,
755 435 830 481 M.l
852 443 920 491 fili,
942 457 1049 490 eum,
1070 446 1141 490 qui
1166 446 1318 492 primus
1339 443 1493 482 Africa-

301 525 376 549 nus
396 512 623 559 appellatus
650 517 725 559 est,
747 511 883 550 dicere
908 511 1073 550 solitum
1100 514 1259 560 scripsit
1291 512 1403 559 Cato,
1423 513 1491 559 qui

300 579 379 618 fuit
406 582 491 618 eius
522 579 609 619 fere
636 580 826 627 aequalis,
847 593 1069 627 numquam
1096 592 1139 618 se
1166 582 1299 618 minus
1318 581 1491 618 otiosum

299 662 400 695 esse,
422 662 543 696 quam
563 662 655 687 cum
675 651 838 695 otiosus,
851 662 928 687 nec
947 651 1080 686 minus
1100 647 1243 695 solum,
1259 661 1380 696 quam
1399 661 1490 686 cum
1543 659 1546 661 ·

300 717 406 755 solus
439 722 557 755 esset.
619 716 838 763 Magnifica
861 730 956 755 vero
983 730 1060 754 vox
1089 721 1133 755 et
1163 729 1312 763 magno
1339 718 1423 755 viro
1446 729 1492 754 ac
1539 739 1546 767 {1

299 788 484 832 sapiente
504 784 649 832 digna3
669 798 773 832 quae
789 784 971 823 declarat
990 784 1106 822 illum
1127 789 1170 823 et
1190 787 1233 822 in
1252 787 1336 822 otio
1351 784 1403 823 de
1422 797 1494 823 ne·
1539 827 1543 830 ⁴

299 855 420 900 gotiis
440 855 619 900 cogitare
640 857 684 891 et
702 855 746 890 in
766 852 986 890 solitudine
1011 865 1151 890 secum
1179 851 1290 899 loqui
1316 851 1493 899 solitum,
1544 875 1546 878 -

299 927 345 959 ut
375 934 510 968 neque
543 925 720 959 cessaret
750 934 941 968 umquam
977 925 1020 958 et
1054 919 1261 958 interdum
1295 919 1494 967 colloquio
1542 914 1546 918 ⁴

241 978 243 980 V
299 990 465 1028 alterius
491 1003 575 1028 non
601 993 754 1036 egeret.
819 988 881 1026 Ita
901 988 1006 1027 duae
1026 1001 1104 1035 res,
1125 1001 1229 1035 quae
1255 987 1492 1036 languorem

299 1058 473 1097 afferunt
502 1060 661 1104 ceteris,
689 1057 803 1095 illum
830 1057 1044 1103 acuebant,
1074 1059 1202 1094 otium
1233 1061 1277 1094 et
1302 1055 1486 1094 solitudo.
1542 1088 1546 1101 ἶ

300 1127 458 1165 Vellem
490 1126 606 1164 nobis
635 1125 713 1163 hoc
740 1125 850 1163 idem
877 1138 972 1164 vere
999 1125 1135 1163 dicere
1161 1124 1326 1169 liceret;
1354 1123 1427 1163 sed
1457 1126 1490 1163 si
1528 1117 1546 1183 ξ’

299 1198 432 1233 minus
458 1196 687 1232 imitatione
718 1199 877 1231 tantam
904 1195 1060 1240 ingenii
1087 1195 1376 1240 praestantiam
1396 1205 1490 1230 con·
1523 1188 1546 1239 f'

301 1264 414 1309 sequi
434 1274 657 1308 possumus,
679 1260 889 1298 voluntate
911 1265 1022 1298 certe
1042 1262 1224 1307 proxime
1243 1258 1494 1303 accedimus;
1531 1305 1533 1312 Α

302 1343 397 1367 nam
429 1333 472 1367 et
502 1342 526 1366 a
555 1342 599 1367 re
631 1328 794 1376 publica
827 1327 1136 1374 forensibusque
1168 1328 1344 1374 negotiis
1375 1329 1495 1365 armis
1529 1314 1537 1352 ἶ

302 1399 434 1444 impiis
456 1399 574 1443 vique
596 1395 790 1443 prohibiti
818 1397 948 1433 otium
968 1397 1250 1442 persequimur
1270 1398 1315 1432 et
1334 1394 1386 1432 ob
1406 1406 1493 1432 eam

302 1479 462 1504 causam
501 1465 600 1503 urbe
639 1463 782 1502 relicta
821 1476 913 1501 rura
958 1467 1222 1510 peragrantes
1259 1475 1381 1510 saepe
1420 1461 1492 1502 soli
1518 1475 1535 1514 [-

303 1546 448 1572 sumus.

248 1605 272 1640 2
359 1600 439 1640 Sed
472 1613 548 1639 nec
580 1599 657 1638 hoc
681 1602 810 1637 otium
839 1612 931 1636 cum
960 1597 1142 1636 Africani
1173 1599 1256 1636 otio
1282 1610 1359 1636 nec
1390 1596 1492 1636 haec

302 1668 477 1708 solitudo
498 1681 590 1706 cum
611 1667 680 1705 illa
707 1666 976 1714 comparanda
997 1670 1070 1704 est.
1132 1664 1209 1704 Ille
1229 1667 1340 1703 enim
1358 1667 1491 1712 requi-

302 1749 443 1775 escens
463 1749 487 1773 a
506 1738 565 1773 rei
593 1734 779 1782 publicae
808 1733 1090 1782 pulcherrimis
1110 1733 1346 1772 muneribus
1365 1735 1492 1771 otium

302 1805 376 1843 sibi
408 1803 595 1842 sumebat
625 1802 843 1850 aliquando
876 1807 919 1840 et
952 1793 1000 1840 e²
1021 1806 1141 1839 coetu
1172 1800 1384 1839 hominum
1414 1799 1494 1840 fre·

303 1874 550 1919 quentiaque
571 1869 780 1909 interdum
801 1874 1010 1916 tamquam
1031 1871 1073 1906 in
1094 1873 1258 1916 portum
1277 1880 1321 1906 se
1341 1869 1385 1906 in
1403 1865 1494 1906 soli-

520 2019 587 2051 ΗΜ.
610 2018 771 2056 Nonius;
789 2018 911 2050 Marce
928 2017 1032 2049 MSS.

515 2070 598 2111 ἐς,
621 2070 768 2108 Edd.;a
785 2073 909 2106 aznot
926 2069 1002 2101 inB
1022 2069 1054 2100 H
1074 2068 1107 2101 b.

411 2128 490 2167 270
