1546 2294
599 62 799 100 CICERO
830 62 907 100 DE
937 60 1174 102 OFFICIIS

302 137 616 190 subveniretur,1
637 155 740 190 quae
775 147 885 180 esset
915 142 1134 180 oblectatio
1165 143 1403 191 valentium,
1432 146 1501 191 qui

306 212 436 247 victus
465 213 538 246 aut
567 207 714 255 cultus,
734 209 812 245 nisi
840 212 925 245 tam
944 207 1098 245 multae
1117 208 1234 246 nobis
1254 213 1362 246 artes
1381 210 1501 246 mini-

309 273 510 312 strarent?
531 272 676 319 quibus
696 272 817 309 rebus
837 271 999 309 exculta
1014 271 1224 310 hominum
1244 275 1328 311 vita
1343 277 1504 311 tantum

310 329 460 376 distat2
480 350 504 375 a
522 339 632 375 victu
653 341 698 374 et
718 336 831 374 cultu
851 336 1083 374 bestiarum.
1152 336 1282 375 Urbes
1302 350 1397 375 vero
1417 339 1504 375 sine

310 403 522 440 hominum
556 406 676 439 coetu
711 414 794 438 non
828 403 1059 448 potuissent
1088 413 1165 438 nec
1195 401 1398 439 aedificari
1427 414 1505 439 nec

310 467 587 514 frequentari3
617 478 667 503 ex
694 478 774 511 quo
800 464 914 512 leges
933 477 1147 511 moresque
1168 467 1393 512 constituti,
1416 470 1506 503 tum

308 534 406 570 iuris
435 543 565 578 aequa
593 522 828 577 discriptio³
854 533 1046 576 certaque
1076 529 1239 567 vivendi
1267 528 1481 577 disciplina
1495 542 1506 575 ;

309 609 407 643 quas
426 608 490 633 res
511 599 554 632 et
567 593 838 632 mansuetudo
853 596 1077 631 animorum
1098 599 1315 632 consecuta
1334 599 1378 632 et
1392 607 1506 632 vere-

309 660 456 698 cundia
476 664 539 697 est
559 658 845 705 effectumque,
859 662 907 695 ut
927 662 1035 695 esset
1054 660 1138 695 vita
1155 660 1362 705 munitior,
1382 663 1506 705 atque

309 730 357 763 ut
383 723 518 762 dando
546 728 590 761 et
622 721 859 769 accipiendo
892 721 1208 768 mutuandisque
1245 721 1506 760 facultatibus

312 794 355 828 et
375 778 698 826 commodandis⁴
716 786 829 823 nulla
847 799 891 824 re
909 799 1133 832 egeremus.

231 853 282 894 16
369 853 416 891 V.
449 851 673 899 Longiores
699 850 885 888 hocloco
911 863 1062 897 sumus,
1089 863 1210 897 quam
1237 863 1404 889 necesse
1432 856 1504 889 est.

312 918 413 965 Quis
427 921 490 955 est
499 918 621 962 enim,
631 917 696 953 cui
708 928 791 952 non
804 917 1014 962 perspicua
1027 917 1109 952 sint
1120 914 1202 961 illa,
1211 927 1315 962 quae
1327 914 1508 962 pluribus

311 982 443 1020 verbis
470 995 494 1019 a
522 980 715 1018 Panaetio
745 983 1126 1026 commemorantur,
1145 981 1354 1017 neminem
1372 991 1506 1026 neque

311 1047 459 1085 ducem
474 1037 607 1083 bello⁵
623 1056 700 1081 nec
715 1045 941 1090 principem
957 1042 1066 1080 domi
1081 1056 1248 1089 magnas
1262 1055 1327 1081 res
1347 1048 1390 1081 et
1402 1042 1506 1081 salu-

313 1117 422 1149 tares
444 1112 531 1147 sine
558 1108 771 1145 hominum
790 1106 934 1145 studiis
960 1119 1105 1154 gerere
1125 1107 1330 1154 potuisse?
1388 1107 1505 1145 Com-

311 1178 560 1213 memoratur
597 1173 648 1209 ab
689 1184 737 1209 eo
785 1170 1096 1218 Themistocles,
1137 1170 1326 1218 Pericles,
1366 1171 1506 1218 Cyrus,

313 1237 540 1286 Agesilaus,
573 1235 822 1282 Alexander,
857 1248 956 1281 quos
987 1240 1114 1282 negat
1144 1238 1231 1274 sine
1261 1235 1507 1273 adiumentis

311 1303 524 1342 hominum
551 1305 687 1339 tantas
714 1312 778 1337 res
806 1299 963 1337 efficere
986 1302 1177 1346 potuisse.
1239 1299 1382 1338 Utitur
1400 1302 1443 1337 in
1462 1312 1507 1337 re

311 1381 395 1406 non
415 1366 539 1405 dubia
558 1364 733 1402 testibus
753 1376 835 1401 non
859 1365 1104 1401 necessariis.

369 1431 508 1477 Atque
535 1434 583 1467 ut
609 1441 775 1475 magnas
802 1427 1001 1465 utilitates
1027 1427 1285 1474 adipiscimur
1305 1429 1506 1475 conspira-

311 1499 425 1535 tione
452 1494 663 1532 hominum
689 1497 812 1539 atque
839 1504 1051 1538 consensu,
1071 1494 1127 1529 sic
1147 1491 1259 1529 nulla
1277 1496 1362 1530 tam
1388 1491 1504 1530 dete-

312 1559 466 1599 stabilis
479 1560 605 1605 pestis
614 1561 689 1602 est,
703 1569 805 1602 quae
814 1568 896 1593 non
905 1554 1059 1593 homini
1071 1555 1122 1593 ab
1129 1555 1294 1593 homine
1302 1560 1500 1593 nascatur.

313 1625 387 1663 Est
408 1620 647 1661 Dicaearchi
667 1620 770 1658 liber
790 1619 842 1658 de
862 1622 1031 1657 interitu
1051 1619 1274 1667 hominum,
1297 1619 1502 1666 Peripate-

346 1688 359 1708 ²
372 1688 438 1731 qui
452 1712 459 1720 .
478 1711 485 1719 .
501 1711 509 1719 .
529 1685 780 1718 subveniretur
791 1683 996 1722 Gemhard,
1013 1684 1104 1716 Edd.
1118 1696 1126 1722 ;
1143 1684 1210 1726 qui
1223 1708 1231 1716 .
1248 1708 1256 1716 .
1273 1708 1281 1716 .
1301 1683 1505 1716 subveniret

326 1733 354 1766 Β
374 1733 406 1764 H
421 1744 428 1770 ;
446 1730 529 1774 quis
544 1754 552 1763 .
572 1754 581 1763 .
602 1753 610 1762 .
630 1728 835 1760 subveniret
847 1728 874 1759 L
891 1738 928 1765 c;
945 1728 1038 1769 quid
1057 1753 1065 1760 .
1086 1752 1094 1760 .
1114 1752 1122 1760 .
1142 1728 1347 1760 subveniret
1360 1738 1383 1759 a
1399 1727 1432 1760 b.

346 1777 485 1808 2distat
500 1775 527 1806 L
544 1785 563 1806 c
577 1785 611 1815 p,
632 1773 773 1811 Muller,
795 1772 933 1810 Heine3
951 1772 1089 1803 destitit
1105 1772 1132 1803 B
1152 1771 1185 1803 H
1203 1782 1227 1803 a
1239 1771 1274 1811 b,
1296 1772 1350 1803 Bt.

346 1821 359 1841 ³
372 1818 554 1860 discriptio
573 1818 605 1849 H
619 1816 659 1855 b;
677 1817 863 1858 descriplio
881 1816 905 1847 Β
923 1826 946 1847 a
959 1826 988 1847 c.

344 1865 357 1884 ⁴
370 1862 651 1904 mutuandisque
679 1859 922 1902 facultatibus
967 1862 1004 1891 et
1045 1859 1306 1890 commodandis
1345 1858 1498 1897 Nonius,

325 1907 413 1947 Bm,
434 1907 581 1943 Mulier-3
599 1904 854 1946 mutandisque
867 1902 1112 1946 facultalibus
1131 1906 1167 1934 et
1180 1902 1365 1934 commodis
1382 1902 1499 1943 MSS,

355 1952 393 1985 t.¹
433 1951 559 1982 Heine.

323 1955 353 2017 ξ’
365 1976 448 2029 ὀέἰίο
466 1996 492 2026 Β
510 1994 542 2025 H
561 2004 584 2025 a
597 1992 631 2031 b,
653 1992 793 2029 Mulier,
814 1990 949 2028 Heine;
966 1990 1049 2022 belli
1065 1990 1092 2022 L
1110 2000 1128 2022 c
1141 2000 1176 2032 p,
1197 1989 1253 2023 Bt.

420 2050 496 2085 182
