<?xml version="1.0" encoding="UTF-8"?>
<!DOCTYPE html PUBLIC "-//W3C//DTD XHTML 1.0 Transitional//EN"
    "http://www.w3.org/TR/xhtml1/DTD/xhtml1-transitional.dtd">
<html xmlns="http://www.w3.org/1999/xhtml" xml:lang="en" lang="en">
 <head>
  <title>
</title>
<meta http-equiv="Content-Type" content="text/html;charset=utf-8" />
  <meta name='ocr-system' content='tesseract 3.04.00' />
  <meta name='ocr-capabilities' content='ocr_page ocr_carea ocr_par ocr_line ocrx_word'/>
</head>
<body>
  <div class='ocr_page' id='page_1' title='image "./deofficiiswithen00ciceuoft_0054.png"; bbox 0 0 1520 2320; ppageno 0'>
   <div class='ocr_carea' id='block_1_1' title="bbox 190 846 240 880">
    <p class='ocr_par' dir='ltr' id='par_1_1' title="bbox 190 846 240 880">
     <span class='ocr_line' id='line_1_1' title="bbox 190 846 240 880; baseline -0.02 0"><span class='ocrx_word' id='word_1_1' title='bbox 190 846 240 880; x_wconf 84' lang='lat'>30</span> 
     </span>
    </p>
   </div>
   <div class='ocr_carea' id='block_1_2' title="bbox 75 934 207 997">
    <p class='ocr_par' dir='ltr' id='par_1_2' title="bbox 75 934 207 997">
     <span class='ocr_line' id='line_1_2' title="bbox 75 934 183 961; baseline -0.009 -3"><span class='ocrx_word' id='word_1_2' title='bbox 75 934 183 961; x_wconf 83' lang='lat' dir='ltr'>Heaut.</span> 
     </span>
     <span class='ocr_line' id='line_1_3' title="bbox 75 967 207 997; baseline -0.03 -1"><span class='ocrx_word' id='word_1_3' title='bbox 75 968 148 997; x_wconf 84' lang='lat' dir='ltr'>Tim.</span> <span class='ocrx_word' id='word_1_4' title='bbox 164 967 207 995; x_wconf 83' lang='grc'>77.</span> 
     </span>
    </p>
   </div>
   <div class='ocr_carea' id='block_1_3' title="bbox 200 1720 243 1755">
    <p class='ocr_par' dir='ltr' id='par_1_3' title="bbox 200 1720 243 1755">
     <span class='ocr_line' id='line_1_4' title="bbox 200 1720 243 1755; baseline -0.047 0"><span class='ocrx_word' id='word_1_5' title='bbox 200 1720 243 1755; x_wconf 83' lang='grc'>31</span> 
     </span>
    </p>
   </div>
   <div class='ocr_carea' id='block_1_4' title="bbox 261 92 1459 385">
    <p class='ocr_par' dir='ltr' id='par_1_4' title="bbox 261 92 1459 385">
     <span class='ocr_line' id='line_1_5' title="bbox 555 92 1130 133; baseline -0.002 0"><span class='ocrx_word' id='word_1_6' title='bbox 555 93 755 133; x_wconf 90' lang='lat' dir='ltr'>CICERO</span> <span class='ocrx_word' id='word_1_7' title='bbox 786 92 863 132; x_wconf 91' lang='lat' dir='ltr'>DE</span> <span class='ocrx_word' id='word_1_8' title='bbox 893 92 1130 132; x_wconf 89' lang='lat' dir='ltr'>OFFICIIS</span> 
     </span>
     <span class='ocr_line' id='line_1_6' title="bbox 261 172 1455 221; baseline -0.005 -4"><span class='ocrx_word' id='word_1_9' title='bbox 261 179 401 218; x_wconf 84' lang='lat' dir='ltr'>dicant</span> <span class='ocrx_word' id='word_1_10' title='bbox 419 190 496 215; x_wconf 92' lang='lat' dir='ltr'>nec</span> <span class='ocrx_word' id='word_1_11' title='bbox 518 176 652 214; x_wconf 84' lang='lat' dir='ltr'>facere</span> <span class='ocrx_word' id='word_1_12' title='bbox 673 177 861 221; x_wconf 85' lang='lat' dir='ltr'>cuiquam</span> <span class='ocrx_word' id='word_1_13' title='bbox 881 173 1096 212; x_wconf 87' lang='lat' dir='ltr'>videantur</span> <span class='ocrx_word' id='word_1_14' title='bbox 1115 176 1312 212; x_wconf 89' lang='lat' dir='ltr'>iniuriam.</span> <span class='ocrx_word' id='word_1_15' title='bbox 1373 172 1455 221; x_wconf 87' lang='lat' dir='ltr'>Qui</span> 
     </span>
     <span class='ocr_line' id='line_1_7' title="bbox 263 255 1458 306; baseline -0.005 -7"><span class='ocrx_word' id='word_1_16' title='bbox 263 261 391 299; x_wconf 89' lang='lat' dir='ltr'>altero</span> <span class='ocrx_word' id='word_1_17' title='bbox 403 271 556 306; x_wconf 83' lang='lat' dir='ltr'>genere</span> <span class='ocrx_word' id='word_1_18' title='bbox 572 259 794 295; x_wconf 91' lang='lat' dir='ltr'>iniustitiae</span> <span class='ocrx_word' id='word_1_19' title='bbox 807 260 964 303; x_wconf 86' lang='lat' dir='ltr'>vacant,</span> <span class='ocrx_word' id='word_1_20' title='bbox 979 258 1023 293; x_wconf 90' lang='lat' dir='ltr'>in</span> <span class='ocrx_word' id='word_1_21' title='bbox 1035 255 1210 294; x_wconf 84' lang='lat' dir='ltr'>alterum</span> <span class='ocrx_word' id='word_1_22' title='bbox 1224 258 1436 294; x_wconf 87' lang='lat' dir='ltr'>incurrunt</span> <span class='ocrx_word' id='word_1_23' title='bbox 1447 267 1458 301; x_wconf 90' lang='lat'>;</span> 
     </span>
     <span class='ocr_line' id='line_1_8' title="bbox 265 336 1459 385; baseline -0.004 -4"><span class='ocrx_word' id='word_1_24' title='bbox 265 343 461 381; x_wconf 87' lang='lat' dir='ltr'>deserunt</span> <span class='ocrx_word' id='word_1_25' title='bbox 482 343 591 379; x_wconf 93' lang='lat' dir='ltr'>enim</span> <span class='ocrx_word' id='word_1_26' title='bbox 612 342 719 377; x_wconf 83' lang='lat' dir='ltr'>vitae</span> <span class='ocrx_word' id='word_1_27' title='bbox 739 340 990 385; x_wconf 88' lang='lat' dir='ltr'>societatem,</span> <span class='ocrx_word' id='word_1_28' title='bbox 1007 339 1100 384; x_wconf 89' lang='lat' dir='ltr'>quia</span> <span class='ocrx_word' id='word_1_29' title='bbox 1119 336 1222 375; x_wconf 87' lang='lat' dir='ltr'><strong>nihil</strong></span> <span class='ocrx_word' id='word_1_30' title='bbox 1242 336 1459 376; x_wconf 82' lang='lat' dir='ltr'>conferunt</span> 
     </span>
    </p>
   </div>
   <div class='ocr_carea' id='block_1_5' title="bbox 265 418 1275 468">
    <p class='ocr_par' dir='ltr' id='par_1_5' title="bbox 265 418 1275 468">
     <span class='ocr_line' id='line_1_9' title="bbox 265 418 1275 468; baseline -0.006 -6"><span class='ocrx_word' id='word_1_31' title='bbox 265 427 308 462; x_wconf 91' lang='lat' dir='ltr'>in</span> <span class='ocrx_word' id='word_1_32' title='bbox 328 436 417 462; x_wconf 87' lang='lat' dir='ltr'>eam</span> <span class='ocrx_word' id='word_1_33' title='bbox 437 421 574 468; x_wconf 84' lang='lat' dir='ltr'>studii,</span> <span class='ocrx_word' id='word_1_34' title='bbox 597 419 700 458; x_wconf 91' lang='lat' dir='ltr'><strong>nihil</strong></span> <span class='ocrx_word' id='word_1_35' title='bbox 720 432 881 468; x_wconf 86' lang='lat' dir='ltr'>operae,</span> <span class='ocrx_word' id='word_1_36' title='bbox 901 418 1004 457; x_wconf 92' lang='lat' dir='ltr'><strong>nihil</strong></span> <span class='ocrx_word' id='word_1_37' title='bbox 1024 418 1275 457; x_wconf 78' lang='lat' dir='ltr'><strong>facultatum.</strong></span> 
     </span>
    </p>
   </div>
   <div class='ocr_carea' id='block_1_6' title="bbox 323 508 1460 560">
    <p class='ocr_par' dir='ltr' id='par_1_6' title="bbox 323 508 1460 560">
     <span class='ocr_line' id='line_1_10' title="bbox 323 508 1460 560; baseline -0.004 -10"><span class='ocrx_word' id='word_1_38' title='bbox 323 511 498 560; x_wconf 84' lang='lat' dir='ltr'>Quando</span> <span class='ocrx_word' id='word_1_39' title='bbox 517 513 643 558; x_wconf 88' lang='lat' dir='ltr'>igitur</span> <span class='ocrx_word' id='word_1_40' title='bbox 659 509 816 548; x_wconf 92' lang='lat' dir='ltr'>duobus</span> <span class='ocrx_word' id='word_1_41' title='bbox 835 508 1054 555; x_wconf 86' lang='lat' dir='ltr'>generibus</span> <span class='ocrx_word' id='word_1_42' title='bbox 1073 510 1296 547; x_wconf 85' lang='lat' dir='ltr'>iniustitiae</span> <span class='ocrx_word' id='word_1_43' title='bbox 1315 521 1460 556; x_wconf 89' lang='lat' dir='ltr'>propo-</span> 
     </span>
    </p>
   </div>
   <div class='ocr_carea' id='block_1_7' title="bbox 267 591 1462 637">
    <p class='ocr_par' dir='ltr' id='par_1_7' title="bbox 267 591 1462 637">
     <span class='ocr_line' id='line_1_11' title="bbox 267 591 1462 637; baseline -0.004 -4"><span class='ocrx_word' id='word_1_44' title='bbox 267 596 354 633; x_wconf 91' lang='lat' dir='ltr'>sitis</span> <span class='ocrx_word' id='word_1_45' title='bbox 373 592 629 631; x_wconf 87' lang='lat' dir='ltr'>adiunximus</span> <span class='ocrx_word' id='word_1_46' title='bbox 650 603 787 628; x_wconf 84' lang='lat' dir='ltr'>causas</span> <span class='ocrx_word' id='word_1_47' title='bbox 808 592 1018 636; x_wconf 88' lang='lat' dir='ltr'>utriusque</span> <span class='ocrx_word' id='word_1_48' title='bbox 1041 591 1204 636; x_wconf 89' lang='lat' dir='ltr'>generis</span> <span class='ocrx_word' id='word_1_49' title='bbox 1230 601 1378 637; x_wconf 87' lang='lat' dir='ltr'>easque</span> <span class='ocrx_word' id='word_1_50' title='bbox 1397 602 1462 628; x_wconf 89' lang='lat' dir='ltr'>res</span> 
     </span>
    </p>
   </div>
   <div class='ocr_carea' id='block_1_8' title="bbox 262 669 1463 719">
    <p class='ocr_par' dir='ltr' id='par_1_8' title="bbox 262 669 1463 719">
     <span class='ocr_line' id='line_1_12' title="bbox 262 669 1463 719; baseline -0.005 -5"><span class='ocrx_word' id='word_1_51' title='bbox 262 680 366 714; x_wconf 84' lang='lat' dir='ltr'>ante</span> <span class='ocrx_word' id='word_1_52' title='bbox 382 675 679 719; x_wconf 83' lang='lat' dir='ltr'>constituimus,</span> <span class='ocrx_word' id='word_1_53' title='bbox 693 671 838 719; x_wconf 90' lang='lat' dir='ltr'>quibus</span> <span class='ocrx_word' id='word_1_54' title='bbox 853 672 1007 709; x_wconf 88' lang='lat' dir='ltr'>iustitia</span> <span class='ocrx_word' id='word_1_55' title='bbox 1027 672 1318 718; x_wconf 78' lang='lat' dir='ltr'>contineretur,</span> <span class='ocrx_word' id='word_1_56' title='bbox 1331 669 1463 719; x_wconf 86' lang='lat' dir='ltr'>facile,</span> 
     </span>
    </p>
   </div>
   <div class='ocr_carea' id='block_1_9' title="bbox 270 752 1474 1756">
    <p class='ocr_par' dir='ltr' id='par_1_9' title="bbox 270 752 1471 1685">
     <span class='ocr_line' id='line_1_13' title="bbox 270 752 1464 805; baseline -0.004 -10"><span class='ocrx_word' id='word_1_57' title='bbox 270 756 380 805; x_wconf 91' lang='lat' dir='ltr'>quod</span> <span class='ocrx_word' id='word_1_58' title='bbox 408 758 601 802; x_wconf 88' lang='lat' dir='ltr'>cuiusque</span> <span class='ocrx_word' id='word_1_59' title='bbox 628 755 823 800; x_wconf 88' lang='lat' dir='ltr'>temporis</span> <span class='ocrx_word' id='word_1_60' title='bbox 843 752 1016 790; x_wconf 89' lang='lat' dir='ltr'>officium</span> <span class='ocrx_word' id='word_1_61' title='bbox 1045 754 1110 798; x_wconf 80' lang='lat' dir='ltr'>sit,</span> <span class='ocrx_word' id='word_1_62' title='bbox 1131 754 1367 800; x_wconf 84' lang='lat' dir='ltr'>poterimus,</span> <span class='ocrx_word' id='word_1_63' title='bbox 1387 754 1464 791; x_wconf 89' lang='lat' dir='ltr'>nisi</span> 
     </span>
     <span class='ocr_line' id='line_1_14' title="bbox 270 833 1465 884; baseline -0.005 -7"><span class='ocrx_word' id='word_1_64' title='bbox 270 843 432 877; x_wconf 89' lang='lat' dir='ltr'>nosmet</span> <span class='ocrx_word' id='word_1_65' title='bbox 461 840 568 884; x_wconf 89' lang='lat' dir='ltr'>ipsos</span> <span class='ocrx_word' id='word_1_66' title='bbox 599 835 718 873; x_wconf 90' lang='lat' dir='ltr'>valde</span> <span class='ocrx_word' id='word_1_67' title='bbox 749 834 985 881; x_wconf 87' lang='lat' dir='ltr'>amabimus,</span> <span class='ocrx_word' id='word_1_68' title='bbox 1019 833 1218 879; x_wconf 87' lang='lat' dir='ltr'>iudicare;</span> <span class='ocrx_word' id='word_1_69' title='bbox 1260 838 1324 872; x_wconf 90' lang='lat' dir='ltr'>est</span> <span class='ocrx_word' id='word_1_70' title='bbox 1355 836 1465 872; x_wconf 91' lang='lat' dir='ltr'>enim</span> 
     </span>
     <span class='ocr_line' id='line_1_15' title="bbox 274 913 1466 962; baseline -0.004 -4"><span class='ocrx_word' id='word_1_71' title='bbox 274 919 444 959; x_wconf 90' lang='lat' dir='ltr'>difficilis</span> <span class='ocrx_word' id='word_1_72' title='bbox 470 931 566 956; x_wconf 85' lang='lat' dir='ltr'>cura</span> <span class='ocrx_word' id='word_1_73' title='bbox 587 929 723 956; x_wconf 90' lang='lat' dir='ltr'>rerum</span> <span class='ocrx_word' id='word_1_74' title='bbox 746 915 978 953; x_wconf 87' lang='lat' dir='ltr'>alienarum.</span> <span class='ocrx_word' id='word_1_75' title='bbox 1039 913 1295 962; x_wconf 86' lang='lat' dir='ltr'>Quamquam</span> <span class='ocrx_word' id='word_1_76' title='bbox 1314 914 1466 954; x_wconf 79' lang='lat' dir='ltr'>Teren-</span> 
     </span>
     <span class='ocr_line' id='line_1_16' title="bbox 273 987 1462 1041; baseline -0.005 -1"><span class='ocrx_word' id='word_1_77' title='bbox 273 1005 408 1041; x_wconf 81' lang='lat' dir='ltr'>tianus</span> <span class='ocrx_word' id='word_1_78' title='bbox 442 1000 511 1038; x_wconf 93' lang='lat' dir='ltr'><strong>ille</strong></span> <span class='ocrx_word' id='word_1_79' title='bbox 552 999 745 1038; x_wconf 91' lang='lat' dir='ltr'>Chremes</span> <span class='ocrx_word' id='word_1_80' title='bbox 778 987 978 1035; x_wconf 87' lang='lat' dir='ltr'>“humani</span> <span class='ocrx_word' id='word_1_81' title='bbox 1015 996 1119 1034; x_wconf 88' lang='lat' dir='ltr'><strong>nihil</strong></span> <span class='ocrx_word' id='word_1_82' title='bbox 1157 1010 1181 1034; x_wconf 87' lang='lat' dir='ltr'>a</span> <span class='ocrx_word' id='word_1_83' title='bbox 1211 1009 1254 1035; x_wconf 90' lang='lat' dir='ltr'>se</span> <span class='ocrx_word' id='word_1_84' title='bbox 1287 996 1462 1035; x_wconf 85' lang='lat' dir='ltr'>alienum</span> 
     </span>
     <span class='ocr_line' id='line_1_17' title="bbox 272 1079 1465 1131; baseline -0.005 -9"><span class='ocrx_word' id='word_1_85' title='bbox 272 1082 445 1131; x_wconf 81' lang='lat' dir='ltr'>putat’&#39;;</span> <span class='ocrx_word' id='word_1_86' title='bbox 465 1080 538 1120; x_wconf 92' lang='lat' dir='ltr'>sed</span> <span class='ocrx_word' id='word_1_87' title='bbox 566 1085 719 1126; x_wconf 88' lang='lat' dir='ltr'>tamen,</span> <span class='ocrx_word' id='word_1_88' title='bbox 740 1081 833 1126; x_wconf 86' lang='lat' dir='ltr'>quia</span> <span class='ocrx_word' id='word_1_89' title='bbox 853 1080 981 1124; x_wconf 85' lang='lat' dir='ltr'>magis</span> <span class='ocrx_word' id='word_1_90' title='bbox 1002 1090 1050 1116; x_wconf 91' lang='lat' dir='ltr'>ea</span> <span class='ocrx_word' id='word_1_91' title='bbox 1073 1079 1318 1125; x_wconf 86' lang='lat' dir='ltr'>percipimus</span> <span class='ocrx_word' id='word_1_92' title='bbox 1341 1082 1465 1125; x_wconf 77' lang='lat' dir='ltr'>atque</span> 
     </span>
     <span class='ocr_line' id='line_1_18' title="bbox 273 1158 1467 1210; baseline -0.004 -7"><span class='ocrx_word' id='word_1_93' title='bbox 273 1167 484 1210; x_wconf 87' lang='lat' dir='ltr'>sentimus,</span> <span class='ocrx_word' id='word_1_94' title='bbox 504 1174 608 1210; x_wconf 87' lang='lat' dir='ltr'>quae</span> <span class='ocrx_word' id='word_1_95' title='bbox 627 1161 743 1198; x_wconf 91' lang='lat' dir='ltr'>nobis</span> <span class='ocrx_word' id='word_1_96' title='bbox 770 1161 865 1207; x_wconf 88' lang='lat' dir='ltr'>ipsis</span> <span class='ocrx_word' id='word_1_97' title='bbox 892 1163 964 1197; x_wconf 83' lang='lat' dir='ltr'>aut</span> <span class='ocrx_word' id='word_1_98' title='bbox 986 1171 1178 1206; x_wconf 87' lang='lat' dir='ltr'>prospera</span> <span class='ocrx_word' id='word_1_99' title='bbox 1202 1163 1274 1197; x_wconf 87' lang='lat' dir='ltr'>aut</span> <span class='ocrx_word' id='word_1_100' title='bbox 1299 1158 1467 1198; x_wconf 82' lang='lat' dir='ltr'>adversa</span> 
     </span>
     <span class='ocr_line' id='line_1_19' title="bbox 275 1239 1468 1292; baseline -0.007 -7"><span class='ocrx_word' id='word_1_101' title='bbox 275 1248 486 1292; x_wconf 88' lang='lat' dir='ltr'>eveniunt,</span> <span class='ocrx_word' id='word_1_102' title='bbox 505 1256 627 1290; x_wconf 91' lang='lat' dir='ltr'>quam</span> <span class='ocrx_word' id='word_1_103' title='bbox 653 1241 735 1289; x_wconf 87' lang='lat' dir='ltr'><strong>illa,</strong></span> <span class='ocrx_word' id='word_1_104' title='bbox 756 1253 859 1288; x_wconf 92' lang='lat' dir='ltr'>quae</span> <span class='ocrx_word' id='word_1_105' title='bbox 889 1242 1050 1286; x_wconf 89' lang='lat' dir='ltr'>ceteris,</span> <span class='ocrx_word' id='word_1_106' title='bbox 1070 1252 1174 1286; x_wconf 89' lang='lat' dir='ltr'>quae</span> <span class='ocrx_word' id='word_1_107' title='bbox 1200 1242 1314 1287; x_wconf 86' lang='lat' dir='ltr'>quasi</span> <span class='ocrx_word' id='word_1_108' title='bbox 1344 1239 1468 1288; x_wconf 87' lang='lat' dir='ltr'>longo</span> 
     </span>
     <span class='ocr_line' id='line_1_20' title="bbox 275 1319 1469 1368; baseline -0.006 -2"><span class='ocrx_word' id='word_1_109' title='bbox 275 1325 490 1366; x_wconf 86' lang='lat' dir='ltr'>intervallo</span> <span class='ocrx_word' id='word_1_110' title='bbox 521 1325 738 1362; x_wconf 90' lang='lat' dir='ltr'>interiecto</span> <span class='ocrx_word' id='word_1_111' title='bbox 769 1321 967 1368; x_wconf 85' lang='lat' dir='ltr'>videmus,</span> <span class='ocrx_word' id='word_1_112' title='bbox 994 1319 1115 1358; x_wconf 84' lang='lat' dir='ltr'>aliter</span> <span class='ocrx_word' id='word_1_113' title='bbox 1146 1319 1199 1358; x_wconf 90' lang='lat' dir='ltr'>de</span> <span class='ocrx_word' id='word_1_114' title='bbox 1229 1319 1309 1359; x_wconf 88' lang='lat' dir='ltr'><strong>illis</strong></span> <span class='ocrx_word' id='word_1_115' title='bbox 1339 1333 1386 1359; x_wconf 88' lang='lat' dir='ltr'>ac</span> <span class='ocrx_word' id='word_1_116' title='bbox 1417 1320 1469 1359; x_wconf 88' lang='lat' dir='ltr'>de</span> 
     </span>
     <span class='ocr_line' id='line_1_21' title="bbox 276 1401 1469 1450; baseline -0.006 -3"><span class='ocrx_word' id='word_1_117' title='bbox 276 1409 392 1447; x_wconf 89' lang='lat' dir='ltr'>nobis</span> <span class='ocrx_word' id='word_1_118' title='bbox 427 1405 661 1444; x_wconf 90' lang='lat' dir='ltr'>iudicamus.</span> <span class='ocrx_word' id='word_1_119' title='bbox 722 1402 921 1450; x_wconf 84' lang='lat' dir='ltr'>Quocirca</span> <span class='ocrx_word' id='word_1_120' title='bbox 958 1401 1065 1439; x_wconf 94' lang='lat' dir='ltr'>bene</span> <span class='ocrx_word' id='word_1_121' title='bbox 1099 1403 1368 1449; x_wconf 83' lang='lat' dir='ltr'>praecipiunt,</span> <span class='ocrx_word' id='word_1_122' title='bbox 1400 1404 1469 1450; x_wconf 89' lang='lat' dir='ltr'>qui</span> 
     </span>
     <span class='ocr_line' id='line_1_22' title="bbox 278 1479 1470 1531; baseline -0.006 -7"><span class='ocrx_word' id='word_1_123' title='bbox 278 1489 421 1524; x_wconf 85' lang='lat' dir='ltr'>vetant</span> <span class='ocrx_word' id='word_1_124' title='bbox 441 1486 657 1531; x_wconf 87' lang='lat' dir='ltr'>quicquam</span> <span class='ocrx_word' id='word_1_125' title='bbox 676 1493 812 1528; x_wconf 85' lang='lat' dir='ltr'>agere,</span> <span class='ocrx_word' id='word_1_126' title='bbox 833 1479 942 1527; x_wconf 92' lang='lat' dir='ltr'>quod</span> <span class='ocrx_word' id='word_1_127' title='bbox 969 1479 1132 1517; x_wconf 86' lang='lat' dir='ltr'>dubites</span> <span class='ocrx_word' id='word_1_128' title='bbox 1152 1491 1327 1526; x_wconf 87' lang='lat' dir='ltr'>aequum</span> <span class='ocrx_word' id='word_1_129' title='bbox 1347 1482 1400 1518; x_wconf 90' lang='lat' dir='ltr'>sit</span> <span class='ocrx_word' id='word_1_130' title='bbox 1418 1492 1470 1517; x_wconf 81' lang='lat' dir='ltr'>an</span> 
     </span>
     <span class='ocr_line' id='line_1_23' title="bbox 278 1555 1471 1608; baseline -0.004 -9"><span class='ocrx_word' id='word_1_131' title='bbox 278 1565 472 1608; x_wconf 91' lang='lat' dir='ltr'>iniquum.</span> <span class='ocrx_word' id='word_1_132' title='bbox 524 1558 721 1605; x_wconf 89' lang='lat' dir='ltr'>Aequitas</span> <span class='ocrx_word' id='word_1_133' title='bbox 738 1559 847 1595; x_wconf 92' lang='lat' dir='ltr'>enim</span> <span class='ocrx_word' id='word_1_134' title='bbox 866 1556 978 1594; x_wconf 90' lang='lat' dir='ltr'>lueet</span> <span class='ocrx_word' id='word_1_135' title='bbox 996 1558 1082 1603; x_wconf 86' lang='lat' dir='ltr'>ipsa</span> <span class='ocrx_word' id='word_1_136' title='bbox 1101 1568 1175 1603; x_wconf 92' lang='lat' dir='ltr'>per</span> <span class='ocrx_word' id='word_1_137' title='bbox 1193 1567 1250 1603; x_wconf 90' lang='lat' dir='ltr'>se,</span> <span class='ocrx_word' id='word_1_138' title='bbox 1270 1555 1471 1594; x_wconf 78' lang='lat' dir='ltr'>dubitatio</span> 
     </span>
     <span class='ocr_line' id='line_1_24' title="bbox 280 1633 990 1685; baseline -0.01 -9"><span class='ocrx_word' id='word_1_139' title='bbox 280 1639 571 1685; x_wconf 83' lang='lat' dir='ltr'>cogitationem</span> <span class='ocrx_word' id='word_1_140' title='bbox 591 1633 791 1680; x_wconf 89' lang='lat' dir='ltr'>significat</span> <span class='ocrx_word' id='word_1_141' title='bbox 811 1635 990 1670; x_wconf 85' lang='lat' dir='ltr'>iniuriae.</span> 
     </span>
    </p>

    <p class='ocr_par' dir='ltr' id='par_1_10' title="bbox 337 1710 1474 1756">
     <span class='ocr_line' id='line_1_25' title="bbox 337 1710 1474 1756; baseline -0.005 -4"><span class='ocrx_word' id='word_1_142' title='bbox 337 1714 385 1751; x_wconf 89' lang='lat' dir='ltr'>X.</span> <span class='ocrx_word' id='word_1_143' title='bbox 420 1712 501 1751; x_wconf 89' lang='lat' dir='ltr'>Sed</span> <span class='ocrx_word' id='word_1_144' title='bbox 540 1710 728 1749; x_wconf 86' lang='lat' dir='ltr'>incidunt</span> <span class='ocrx_word' id='word_1_145' title='bbox 766 1722 886 1756; x_wconf 88' lang='lat' dir='ltr'>saepe</span> <span class='ocrx_word' id='word_1_146' title='bbox 924 1713 1122 1756; x_wconf 83' lang='lat' dir='ltr'>tempora,</span> <span class='ocrx_word' id='word_1_147' title='bbox 1149 1721 1242 1746; x_wconf 92' lang='lat' dir='ltr'>cum</span> <span class='ocrx_word' id='word_1_148' title='bbox 1276 1721 1336 1756; x_wconf 78' lang='lat' dir='ltr'>ea,</span> <span class='ocrx_word' id='word_1_149' title='bbox 1370 1721 1474 1756; x_wconf 82' lang='lat' dir='ltr'>quae</span> 
     </span>
    </p>
   </div>
   <div class='ocr_carea' id='block_1_10' title="bbox 282 1788 1477 1994">
    <p class='ocr_par' dir='ltr' id='par_1_11' title="bbox 282 1788 1477 1994">
     <span class='ocr_line' id='line_1_26' title="bbox 282 1788 1476 1837; baseline -0.004 -4"><span class='ocrx_word' id='word_1_150' title='bbox 282 1797 458 1834; x_wconf 87' lang='lat' dir='ltr'>maxime</span> <span class='ocrx_word' id='word_1_151' title='bbox 489 1791 681 1830; x_wconf 90' lang='lat' dir='ltr'>videntur</span> <span class='ocrx_word' id='word_1_152' title='bbox 712 1789 837 1837; x_wconf 84' lang='lat' dir='ltr'>digna</span> <span class='ocrx_word' id='word_1_153' title='bbox 870 1802 958 1828; x_wconf 92' lang='lat' dir='ltr'>esse</span> <span class='ocrx_word' id='word_1_154' title='bbox 991 1791 1097 1827; x_wconf 86' lang='lat' dir='ltr'>iusto</span> <span class='ocrx_word' id='word_1_155' title='bbox 1134 1788 1300 1827; x_wconf 90' lang='lat' dir='ltr'>homine</span> <span class='ocrx_word' id='word_1_156' title='bbox 1333 1801 1476 1837; x_wconf 90' lang='lat' dir='ltr'>eoque,</span> 
     </span>
     <span class='ocr_line' id='line_1_27' title="bbox 284 1865 1477 1921; baseline -0.007 -10"><span class='ocrx_word' id='word_1_157' title='bbox 284 1885 407 1921; x_wconf 91' lang='lat' dir='ltr'>quem</span> <span class='ocrx_word' id='word_1_158' title='bbox 434 1873 564 1908; x_wconf 88' lang='lat' dir='ltr'>virum</span> <span class='ocrx_word' id='word_1_159' title='bbox 590 1869 742 1906; x_wconf 91' lang='lat' dir='ltr'>bonum</span> <span class='ocrx_word' id='word_1_160' title='bbox 767 1866 951 1913; x_wconf 90' lang='lat' dir='ltr'>dicimus,</span> <span class='ocrx_word' id='word_1_161' title='bbox 971 1870 1272 1904; x_wconf 83' lang='lat' dir='ltr'>commutantur</span> <span class='ocrx_word' id='word_1_162' title='bbox 1294 1865 1477 1914; x_wconf 80' lang='lat' dir='ltr'>fiuntque</span> 
     </span>
     <span class='ocr_line' id='line_1_28' title="bbox 285 1941 1474 1994; baseline -0.006 -6"><span class='ocrx_word' id='word_1_163' title='bbox 285 1950 497 1994; x_wconf 88' lang='lat' dir='ltr'>contraria,</span> <span class='ocrx_word' id='word_1_164' title='bbox 517 1951 565 1984; x_wconf 88' lang='lat' dir='ltr'>ut</span> <span class='ocrx_word' id='word_1_165' title='bbox 595 1944 767 1983; x_wconf 87' lang='lat' dir='ltr'>reddere</span> <span class='ocrx_word' id='word_1_166' title='bbox 791 1943 1036 1991; x_wconf 87' lang='lat' dir='ltr'>depositum,</span> <span class='ocrx_word' id='word_1_167' title='bbox 1057 1941 1190 1980; x_wconf 80' lang='lat' dir='ltr'>faeere</span> <span class='ocrx_word' id='word_1_168' title='bbox 1217 1944 1474 1990; x_wconf 89' lang='lat' dir='ltr'>promissum·</span> 
     </span>
    </p>
   </div>
   <div class='ocr_carea' id='block_1_11' title="bbox 284 2017 1469 2122">
    <p class='ocr_par' dir='ltr' id='par_1_12' title="bbox 284 2017 1469 2122">
     <span class='ocr_line' id='line_1_29' title="bbox 284 2017 1469 2074; baseline -0.007 -10"><span class='ocrx_word' id='word_1_169' title='bbox 284 2037 468 2074; x_wconf 85' lang='lat' dir='ltr'>quaeque</span> <span class='ocrx_word' id='word_1_170' title='bbox 489 2024 701 2070; x_wconf 85' lang='lat' dir='ltr'>pertinent</span> <span class='ocrx_word' id='word_1_171' title='bbox 725 2019 777 2058; x_wconf 86' lang='lat' dir='ltr'>ad</span> <span class='ocrx_word' id='word_1_172' title='bbox 796 2021 1012 2058; x_wconf 78' lang='lat' dir='ltr'>veritatem</span> <span class='ocrx_word' id='word_1_173' title='bbox 1033 2022 1076 2057; x_wconf 88' lang='lat' dir='ltr'>et</span> <span class='ocrx_word' id='word_1_174' title='bbox 1102 2017 1154 2056; x_wconf 84' lang='lat' dir='ltr'>ad</span> <span class='ocrx_word' id='word_1_175' title='bbox 1178 2017 1313 2065; x_wconf 92' lang='lat' dir='ltr'>fidem,</span> <span class='ocrx_word' id='word_1_176' title='bbox 1334 2031 1383 2057; x_wconf 78' lang='lat' dir='ltr'>ea</span> <span class='ocrx_word' id='word_1_177' title='bbox 1401 2021 1469 2057; x_wconf 82' lang='lat' dir='ltr'>mi-</span> 
     </span>
     <span class='ocr_line' id='line_1_30' title="bbox 397 2088 449 2122; baseline 0 0"><span class='ocrx_word' id='word_1_178' title='bbox 397 2088 449 2122; x_wconf 82' lang='lat'>30</span> 
     </span>
    </p>
   </div>
  </div>
 </body>
</html>
