1520 2320
199 478 253 518 49

208 1499 259 1533 50

574 132 775 172 CICERO
806 132 882 170 DE
912 132 1095 172 OFFICI
1101 132 1149 171 IS

283 215 538 254 liberalitatis
559 218 654 262 sint,
675 228 802 252 unum
824 214 948 252 dandi
972 214 1171 260 beneficii,
1190 213 1364 252 alterum
1383 212 1457 254 red

284 281 423 327 dendi,
455 280 598 318 demus
630 292 775 326 necne,
806 281 849 316 in
880 284 1018 317 nostra
1047 282 1252 326 potestate
1285 283 1361 325 est,
1392 290 1475 316 non

283 345 457 384 reddere
478 347 563 382 viro
590 344 697 382 bono
717 357 799 381 non
826 343 937 389 licet,
957 335 1100 381 modo1
1121 342 1164 381 id
1190 341 1324 380 facere
1350 344 1477 390 possit

281 413 368 448 sine
387 412 542 447 iniuria.

339 473 613 521 Acceptorum
632 477 771 510 autem
790 471 1078 510 beneficiorum
1098 475 1194 509 sunt
1213 470 1386 509 dilectus
1405 470 1476 508 ha-

283 538 421 585 bendi,
448 551 525 575 nec
552 537 733 584 dubium,
761 539 860 583 quin
886 538 1061 574 maximo
1088 538 1232 582 cuique
1258 534 1476 583 plurimum

284 604 492 642 debeatur.
555 601 604 639 In
644 614 723 648 quo
761 606 900 638 tamen
933 603 976 638 in
1010 602 1161 648 primis,
1193 613 1273 647 quo
1307 601 1476 647 quisque

283 671 429 714 animo,
450 666 597 713 studio,
611 665 886 704 benivolentia
905 665 1060 712 facerit,
1074 664 1381 712 ponderandum
1402 668 1474 702 est.

286 741 410 779 Multi
446 742 555 778 enim
587 739 743 777 faciunt
774 738 902 776 multa
929 740 1163 776 temeritate
1190 736 1363 785 quadam
1391 739 1478 775 sine

286 810 434 848 iudicio
460 807 526 846 vel
553 807 693 845 morbo
719 809 761 844 in
793 819 933 844 omnes
965 805 1029 844 vel
1056 807 1272 853 repentino
1305 804 1480 853 quodam

287 880 399 925 quasi
433 881 556 915 vento
587 879 746 923 impetu
777 877 901 912 animi
931 876 1111 920 incitati3
1150 886 1254 921 quae
1284 872 1480 912 beneficia

286 959 415 993 aeque
436 958 584 992 magna
603 957 686 982 non
706 948 802 982 sunt
821 942 1011 980 habenda
1028 946 1152 988 atque
1173 954 1233 988 ea,
1254 954 1356 988 quae
1376 940 1479 979 iudi-

285 1019 359 1058 cio,
381 1014 634 1053 considerate
653 1016 967 1058 constanterque
987 1010 1123 1049 delata
1142 1014 1247 1048 sunt.

342 1082 423 1122 Sed
442 1085 486 1120 in
506 1080 741 1119 collocando
760 1078 958 1117 beneficio
978 1083 1022 1116 et
1039 1081 1082 1116 in
1102 1076 1317 1115 referenda
1334 1079 1477 1125 gratia,

285 1155 318 1191 si
357 1156 494 1190 cetera
531 1152 642 1197 paria
679 1153 786 1195 sunt,
826 1147 903 1185 hoc
944 1149 1119 1184 maxime
1157 1145 1274 1184 officii
1318 1149 1394 1192 est,
1431 1149 1479 1183 ut

286 1223 455 1268 quisque
494 1220 668 1256 maxime
708 1218 793 1263 opis
827 1214 1024 1262 indigeat,
1055 1217 1113 1252 ita
1150 1215 1188 1252 ei
1227 1215 1480 1260 potissimum

287 1287 496 1336 opitulari3
526 1285 635 1333 quod
663 1289 804 1322 contra
831 1283 876 1321 fit
903 1296 926 1320 a
952 1282 1177 1330 plerisque3
1207 1295 1230 1319 a
1261 1293 1342 1328 quo
1373 1283 1482 1319 enim

287 1357 507 1405 plurimum
533 1345 730 1402 sperant,2
750 1354 909 1390 etiamsi
934 1350 1004 1389 ille
1030 1353 1078 1389 iis
1105 1362 1188 1388 non
1212 1354 1322 1396 eget,
1342 1354 1480 1388 tamen

289 1428 326 1464 ei
346 1426 600 1472 potissimum
619 1423 855 1459 inserviunt.

346 1491 454 1530 XVI.
489 1490 657 1538 Optime
677 1494 816 1526 autem
836 1490 1006 1526 societas
1026 1486 1238 1524 hominum
1258 1487 1482 1524 coniuncti·

290 1574 394 1608 oque
414 1559 652 1605 servabitur,
673 1560 719 1604 si,
739 1561 787 1595 ut
813 1558 983 1603 quisque
1012 1557 1090 1593 erit
1116 1556 1478 1601 coniunctissimus,

289 1633 346 1667 ita
365 1631 408 1666 in
429 1641 522 1666 eum
541 1627 808 1672 benignitatis
828 1623 1046 1671 plurimum
1067 1621 1310 1660 conferetur.

347 1695 442 1743 Sed,
463 1707 566 1742 quae
587 1698 756 1731 naturae
783 1693 981 1739 principia
1007 1693 1089 1728 sint
1118 1692 1417 1728 communitatis
1438 1694 1482 1728 et

292 1766 496 1803 societatis
523 1761 738 1807 humanae,
763 1758 1035 1806 repetendum
1062 1757 1224 1796 videtur
1249 1757 1390 1803 altius3
1420 1762 1483 1796 est

292 1836 400 1871 enim
428 1833 615 1879 primum,
637 1828 745 1876 quod
766 1830 945 1866 cernitur
964 1829 1006 1864 in
1031 1828 1207 1864 universi
1229 1827 1391 1872 generis
1410 1824 1483 1863 hu-

290 1903 399 1939 mani
434 1901 640 1938 societate.
702 1896 799 1934 Eius
825 1899 963 1934 autem
991 1893 1196 1932 vinculum
1231 1897 1294 1931 est
1319 1895 1422 1931 ratio
1442 1897 1484 1932 et

305 2013 429 2047 ιηιοιίο
446 2013 477 2045 A
496 2013 528 2044 H
549 2012 577 2044 L
594 2011 617 2043 b
633 2021 671 2049 ος
687 2009 834 2043 simodo
851 2009 890 2040 B.

307 2067 321 2087 ⁸
332 2069 479 2109 sperant
496 2065 616 2106 Marg.
633 2063 677 2102 A,
698 2062 807 2100 Edd.;
823 2063 985 2103 spectant
998 2059 1030 2092 A
1046 2059 1069 2091 b
1084 2058 1272 2102 (spernant
1289 2059 1408 2100 Marg.
1429 2056 1478 2093 b).

403 2122 454 2156 52
