1520 2320
191 329 242 365 33

561 132 761 171 CICERO
793 133 869 170 DE
899 132 1137 172 OFFICIIS

271 227 374 262 quae
387 213 584 262 deceptus
596 213 689 252 dolo
704 215 957 261 promiserit?
973 227 1077 262 quae
1089 214 1254 262 quidem
1269 214 1462 263 pleraque

272 273 358 308 iure
377 273 578 318 praetorio
597 270 834 317 liberantur,
854 283 936 308 non
956 271 1068 308 nulla
1086 270 1255 318 legibus.

328 326 541 365 Exsistunt
556 329 680 365 etiam
695 340 815 374 saepe
831 329 1000 365 iniuriae
1015 327 1216 365 calumnia
1229 326 1404 374 quadam
1419 332 1463 365 et

272 385 391 421 nimis
411 383 567 429 callida,
589 382 662 421 sed
681 383 881 421 malitiosa
900 386 995 421 iuris
1015 386 1366 430 interpretatione.
1400 383 1463 421 Ex

272 452 352 486 quo
377 439 479 477 illud
500 429 746 477 “Summum
765 442 826 477 ius
846 452 1002 477 summa
1027 439 1204 477 iniuria”
1226 439 1379 477 factum
1399 444 1464 477 est

272 498 351 533 iam
384 498 528 533 tritum
559 508 745 533 sermone
780 496 1045 542 proverbium.
1107 494 1199 542 Quo
1233 498 1276 533 in
1309 508 1462 543 genere

272 554 395 589 etiam
414 554 457 589 in
476 565 521 589 re
541 551 702 598 publica
716 551 845 589 multa
865 556 1096 598 peccantur,
1110 557 1156 589 ut
1175 551 1258 598 ille,
1271 554 1353 599 qui,
1369 565 1461 589 cum

271 610 440 655 triginta
470 607 628 646 dierum
660 612 797 645 essent
828 621 920 645 cum
950 607 1068 645 hoste
1102 607 1284 646 indutiae
1317 607 1462 654 factae,

271 669 395 702 noctu
415 663 683 711 populabatur
702 676 831 710 agros,
848 663 955 710 quod
976 663 1134 701 dierum
1149 668 1287 702 essent
1305 668 1462 711 pactae,

271 733 354 758 non
372 723 553 758 noctium
572 719 765 757 indutiae.
813 719 876 757 Ne
891 724 1030 758 noster
1043 719 1209 767 quidem
1220 719 1463 767 probandus,

271 779 305 814 si
324 789 464 815 verum
491 781 554 814 est
583 775 632 823 Q.
658 775 826 813 Fabium
856 775 1089 814 Labeonem
1108 789 1180 814 seu
1199 789 1321 823 quem
1339 775 1463 814 alium

270 823 391 878 (nihil
411 835 520 871 enim
539 831 670 870 habeo
689 837 850 879 praeter
864 823 1066 878 auditum)
1081 833 1276 870 arbitrum
1296 831 1463 870 Nolanis

273 894 316 927 et
346 888 626 936 Neapolitanis
652 888 704 926 de
728 887 873 926 finibus
899 901 923 925 a
948 893 1091 926 senatu
1117 887 1272 935 datum,
1292 901 1384 926 cum
1412 887 1463 926 ad

273 945 406 983 locum
425 947 616 991 venisset,
637 957 729 981 cum
748 947 930 991 utrisque
954 947 1169 991 separatim
1195 944 1389 991 locutum,
1410 957 1462 982 ne

272 1001 419 1048 cupide
431 1001 530 1048 quid
548 1005 732 1047 agerent,
749 1013 802 1038 ne
821 1005 1077 1048 appetenter,
1093 1005 1216 1047 atque
1236 1005 1282 1038 ut
1301 1000 1462 1048 regredi
1515 1030 1520 1037 .

272 1071 394 1104 quam
419 1056 610 1104 progredi
635 1055 816 1094 mallent.
879 1056 927 1094 Id
954 1070 1046 1094 cum
1065 1059 1227 1103 utrique
1255 1056 1461 1103 fecissent,

273 1113 524 1160 aliquantum
561 1115 648 1159 agri
686 1115 727 1150 in
766 1112 901 1150 medio
939 1112 1127 1150 relictum
1165 1117 1238 1151 est.
1317 1112 1462 1159 Itaque

272 1169 433 1208 illorum
447 1169 536 1207 finis
551 1171 620 1215 sic,
634 1174 681 1206 ut
695 1171 771 1215 ipsi
785 1168 985 1215 dixerant,
998 1171 1251 1214 terminavit3
1271 1171 1313 1206 in
1327 1167 1464 1206 medio

273 1225 461 1265 relictum
503 1225 611 1271 quod
653 1229 752 1271 erat,
794 1224 943 1271 populo
989 1225 1168 1262 Romano
1204 1224 1460 1262 adiudicavit.

273 1281 475 1328 Decipere
494 1280 571 1318 hoc
590 1280 756 1327 quidem
775 1286 851 1327 est,
872 1293 954 1317 non
974 1280 1161 1318 iudicare.
1205 1279 1404 1327 Quocirca
1422 1282 1463 1318 in

273 1340 384 1376 omni
402 1342 466 1375 est
485 1350 528 1374 re
548 1336 743 1383 fugienda
762 1336 853 1374 talis
873 1336 1061 1374 sollertia.

329 1393 401 1431 XI.
434 1393 540 1432 Sunt
567 1397 706 1430 autem
735 1391 933 1438 quaedam
963 1392 1089 1429 officia
1119 1394 1243 1429 etiam
1272 1391 1464 1430 adversus

274 1462 342 1488 eos
362 1448 571 1495 servanda,
586 1462 609 1485 a
629 1448 773 1495 quibus
793 1450 979 1485 iniuriam
998 1450 1212 1495 acceperis.
1264 1447 1338 1486 Est
1354 1450 1463 1486 enim

273 1505 494 1544 ulciscendi
526 1510 570 1542 et
599 1504 796 1551 puniendi
823 1504 986 1549 modus;
1017 1508 1140 1550 atque
1167 1503 1275 1541 haud
1302 1506 1384 1541 scio
1409 1517 1462 1541 an

273 1565 369 1600 satis
389 1564 442 1599 sit
462 1574 568 1606 eum,
589 1563 658 1607 qui
678 1560 911 1606 lacessierit,
933 1562 1102 1597 iniuriae
1122 1573 1217 1597 suae
1237 1563 1460 1606 paenitere,

318 1630 441 1662 aEach
466 1632 625 1670 praetor,
644 1631 682 1659 at
706 1627 762 1659 his
784 1627 1050 1668 inauguration,
1071 1626 1282 1658 announced
1307 1626 1463 1668 publicly

275 1675 336 1707 the
360 1673 552 1716 principles
575 1671 647 1703 and
673 1671 820 1713 policies
844 1671 923 1702 that
951 1670 1080 1702 should
1108 1670 1219 1712 guide
1246 1670 1317 1702 him
1342 1670 1376 1702 in
1402 1671 1463 1702 the

275 1716 568 1751 administration
586 1715 625 1747 of
646 1715 701 1746 his
718 1714 831 1746 office.
879 1714 999 1746 These
1016 1725 1110 1746 were
1127 1715 1188 1746 the
1205 1724 1333 1746 source
1348 1713 1390 1746 of
1401 1715 1463 1747 the

275 1763 340 1795 Ius
368 1760 604 1797 Praetorium,
633 1759 747 1790 which
773 1757 966 1800 explained
993 1758 1067 1790 and
1099 1757 1375 1800 supplemented
1401 1758 1463 1791 the

276 1815 441 1838 common
466 1806 536 1836 law
567 1802 646 1844 (Ius
672 1802 802 1843 Civile)
826 1801 899 1834 and
925 1812 1014 1834 even
1046 1801 1215 1834 modified
1246 1801 1293 1834 its
1317 1802 1463 1834 ancient

275 1845 1463 1932 {1³53ss‘31²ss3cffissfsffliffssffi{nssisstaoivfflssss⁶3⁰3?{³33²ss

331 1948 373 1969 w.

275 1938 429 2012 LzThis
447 1983 547 2021 story
565 1978 595 2010 is
611 1977 687 2010 told
711 1978 752 2009 of
775 1977 998 2015 Cleomenes,
1019 1977 1120 2018 King
1142 1975 1184 2008 of
1202 1976 1336 2019 Sparta
1360 1976 1462 2019 (520—

273 2035 333 2067 49¹
364 2023 467 2064 B.c.)‚
498 2023 532 2054 in
565 2023 624 2054 the
652 2032 729 2054 war
752 2021 837 2053 with
866 2020 999 2062 Argos.
1049 2020 1247 2063 (Plutarch,
1273 2020 1459 2063 Apophth.

273 2069 406 2102 Lacon.
428 2078 490 2109 ²23
508 2065 570 2107 A.)

381 2123 434 2157 84.
