1546 2294
192 824 270 860 122

198 1830 275 1864 123

593 94 793 134 CICERO
824 94 900 133 DE
929 95 1166 135 OFFICIIS

298 175 543 215 valetudinis
563 189 647 214 non
666 181 752 215 tam
772 179 908 224 potuit
933 179 1059 224 patris
1086 177 1227 216 similis
1247 190 1348 225 esse,
1368 191 1488 225 quam

298 240 369 279 ille
389 240 524 279 fuerat
549 232 629 287 sui)
640 253 650 287 3
680 243 713 279 si
733 243 859 288 igitur
877 254 962 279 non
980 245 1134 289 poterit
1153 244 1237 281 sive
1257 255 1396 281 causas
1417 241 1489 281 de-

300 304 495 343 fensitare
516 307 599 343 sive
620 305 815 352 populum
836 306 1091 344 contionibus
1111 311 1255 345 tenere
1275 309 1359 345 sive
1385 306 1493 345 bella

301 382 458 417 gerere,
485 369 555 407 illa
577 374 718 408 tamen
744 375 951 418 praestare
977 370 1158 418 debebit,
1179 384 1282 418 quae
1311 376 1432 410 erunt
1449 373 1493 409 in

299 437 424 481 ipsius
450 438 670 481 potestate,
694 436 903 482 iustitiam,
928 434 1064 482 fidem,
1087 435 1387 483 liberalitatem,
1407 449 1492 474 mo-

300 498 487 546 destiam,
515 501 841 546 temperantiam,
869 512 948 546 quo
978 502 1112 538 minus
1137 500 1189 538 ab
1220 513 1268 539 eo
1301 499 1357 548 id,
1385 499 1492 548 quod

301 562 422 609 desit,
443 565 681 610 requiratur.
741 563 910 611 Optima
932 568 1071 602 autem
1094 563 1300 603 hereditas
1322 578 1347 602 a
1369 566 1493 612 patri-

301 628 375 666 bus
395 627 570 666 traditur
589 627 726 666 liberis
745 631 936 675 omnique
960 631 1203 676 patrimonio
1226 632 1493 677 praestantior

300 691 428 739 gloria
447 694 608 730 virtutis
627 705 844 739 rerumque
863 698 1084 740 gestarum,
1104 696 1169 731 cui
1195 693 1385 732 dedecori
1405 706 1492 732 esse

301 756 415 794 nefas
436 746 498 803 [et
516 747 676 803 vitium]
688 749 700 773 ¹
720 757 981 795 iudicandum
1002 763 1074 796 est.

356 820 546 858 XXXIV.
580 821 634 859 Et
649 824 839 868 quoniam
858 822 985 859 officia
1003 835 1086 860 non
1107 821 1250 861 eadem
1269 822 1494 871 disparibus

301 886 503 924 aetatibus
522 886 758 924 tribuuntur
777 886 934 933 aliaque
955 891 1051 925 sunt
1070 889 1274 934 iuvenum,
1291 887 1369 925 alia
1387 889 1493 926 seni-

301 963 429 996 orum,
456 949 608 997 aliquid
636 953 760 988 etiam
787 950 839 989 de
871 950 947 988 hac
978 950 1240 990 distinctione
1272 951 1492 990 dicendum

302 1019 375 1053 est.

357 1079 432 1117 Est
450 1081 576 1126 igitur
595 1079 868 1118 adulescentis
895 1082 1064 1119 maiores
1084 1085 1184 1119 natu
1210 1082 1340 1119 vereri
1360 1094 1491 1128 exque

301 1146 348 1182 iis
368 1143 548 1190 deligere
568 1146 742 1191 optimos
758 1149 801 1182 et
815 1145 1126 1192 probatissimos,
1140 1158 1310 1192 quorum
1324 1145 1489 1183 consilio

301 1213 424 1255 atque
451 1210 692 1246 auctoritate
719 1211 893 1254 nitatur3
922 1211 1101 1247 ineuntis
1128 1212 1237 1247 enim
1263 1212 1409 1248 aetatis
1428 1212 1489 1247 in-

302 1274 418 1310 scitia
437 1285 580 1310 senum
605 1272 891 1310 constituenda
915 1278 959 1311 et
978 1273 1159 1320 regenda
1177 1273 1396 1321 prudentia
1415 1278 1488 1312 est.

306 1336 483 1374 Maxime
510 1341 648 1374 autem
676 1336 776 1374 haec
796 1342 908 1375 aetas
931 1351 955 1374 a
981 1337 1216 1376 libidinibus
1234 1337 1410 1376 arcenda
1430 1343 1494 1376 est

304 1399 611 1447 exercendaque
646 1403 689 1438 in
727 1400 863 1439 labore
898 1404 1177 1448 patientiaque
1211 1406 1255 1440 et
1287 1404 1412 1440 animi
1451 1407 1495 1441 et

303 1467 491 1512 corporis,
512 1469 560 1502 ut
580 1478 719 1503 eorum
740 1470 784 1503 et
803 1468 845 1503 in
866 1466 1020 1504 bellicis
1042 1471 1080 1505 st
1099 1469 1141 1504 in
1157 1466 1339 1504 civilibus
1358 1467 1494 1506 officiis

304 1532 441 1576 vigeat
459 1529 667 1568 industria.
727 1529 865 1576 Atque
887 1533 1008 1568 etiam
1030 1544 1122 1568 cum
1141 1530 1320 1569 relaxare
1339 1533 1493 1570 animos
1541 1526 1546 1556 ἶ

305 1594 349 1626 et
374 1588 471 1627 dare
499 1602 542 1627 se
569 1589 814 1627 iucunditati
840 1589 993 1636 volent,
1021 1595 1191 1628 caveant
1216 1592 1490 1638 intemperan-
1542 1587 1546 1601 ³

305 1651 416 1694 tiam,
436 1651 699 1686 meminerint
727 1649 1008 1696 verecundiae,
1029 1649 1137 1696 quod
1164 1653 1242 1688 erit
1270 1649 1438 1698 facilius,
1458 1653 1491 1689 si

305 1722 350 1746 ne
368 1710 410 1745 in
431 1710 516 1746 eius
539 1707 649 1746 modi
669 1707 834 1755 quidem
861 1709 981 1747 rebus
1008 1712 1178 1748 maiores
1204 1714 1303 1748 natu
1331 1703 1491 1748 nolent²

305 1771 511 1806 interesse·
1172 1760 1181 1768 ⁶

361 1827 533 1866 Senibus
553 1832 691 1865 autem
711 1827 867 1866 labores
895 1831 1068 1876 corporis
1095 1828 1318 1876 minuendi,
1340 1831 1492 1867 exerci-

356 1907 410 1940 ¹et
422 1907 499 1948 (sed
508 1908 545 1949 b)
557 1909 690 1941 vitium
705 1908 735 1940 A
750 1909 777 1940 B
794 1909 826 1940 H
841 1920 864 1941 a
877 1908 900 1941 b
914 1921 922 1947 3
940 1909 989 1950 [et
998 1908 1145 1953 vitium]
1161 1909 1245 1949 Btfl,
1263 1910 1328 1942 Ed.
1339 1922 1346 1948 3
1358 1913 1395 1943 et
1408 1910 1495 1943 vici-

331 1963 392 1983 um
409 1963 446 1989 c;
463 1955 499 1984 et
513 1953 665 1995 impium
683 1953 711 1984 L
727 1964 762 1994 p,
784 1951 866 1991 Bt.¹,
887 1953 1014 1985 Heine.

361 1994 419 2027 ²si
433 2006 477 2027 ne
497 1996 538 2027 in
554 2020 562 2028 .
583 2020 590 2028 .
612 2020 619 2027 .
640 1997 761 2028 nolent
780 1997 1040 2037 Stuerenburg,
1062 1997 1171 2036 Edd.;
1186 1998 1222 2029 si
1236 1997 1275 2029 in
1293 2023 1298 2028 .
1321 2023 1327 2029 .
1350 2022 1356 2029 .
1377 1998 1494 2030 nolint

318 2039 441 2116 enfil?
458 2039 514 2071 ab
528 2052 536 2078 ;
552 2040 587 2071 si
602 2040 641 2071 in
657 2064 664 2072 .
686 2064 694 2072 .
715 2064 722 2072 .
744 2041 863 2073 volent
879 2041 906 2072 L
922 2051 941 2073 c
957 2053 965 2078 ς
981 2041 1017 2072 si
1031 2041 1071 2073 in
1086 2064 1094 2074 .
1115 2063 1124 2074 .
1173 2052 1244 2074 mm
1259 2042 1378 2074 nolint
1390 2042 1494 2074 Lam-

420 2139 496 2172 124
