1546 2294
168 305 244 339 153

567 106 767 149 CICERO
798 105 874 148 DE
903 106 1139 151 OFFICIIS

273 192 439 237 mitatis,
478 195 620 237 quarta
668 191 968 238 moderatIOnis,
1007 192 1108 231 haec
1155 196 1197 232 in
1242 194 1462 242 deligendo

274 246 401 283 officio
421 259 541 293 saepe
562 249 669 284 inter
689 260 731 285 se
751 254 1037 295 comparentur
1054 263 1220 288 necesse
1242 255 1314 289 est.

333 301 471 340 Placet
496 305 620 349 igitur
645 306 800 350 aptiora
827 317 914 342 esse
940 310 1108 344 naturae
1133 319 1181 344 ea
1199 306 1338 353 officia,
1357 319 1461 354 quae

274 370 324 395 ex
366 361 671 406 communitate,
711 373 831 406 quam
880 373 940 407 ea,
979 374 1082 408 quae
1130 375 1181 400 ex
1229 365 1461 410 cognitione

272 413 486 461 ducantur,
514 414 637 461 idque
671 414 748 453 hoc
781 422 1021 463 argumento
1055 417 1279 456 confirmari
1311 423 1460 466 potest,

272 469 395 516 quod,
433 472 466 508 si
505 473 724 517 contigerit
762 485 810 510 ea
847 475 930 510 vita
967 475 1154 520 sapienti,
1192 479 1240 512 ut
1281 477 1460 512 omnium

272 538 407 563 rerum
453 526 708 565 affluentibus
746 530 869 575 copiis
908 519 1123 576 [quamvis]
1161 522 1324 577 omnia,1
1356 543 1460 578 quae

272 584 506 628 cognitione
533 582 657 629 digna
683 585 778 630 sint,
799 597 956 622 summo
982 587 1065 623 otio
1091 599 1228 624 secum
1251 589 1338 633 ipse
1364 599 1459 624 con-

272 637 425 676 sideret
457 643 501 676 et
535 639 848 687 contempletur,
883 645 1035 688 tamen,
1069 644 1102 679 si
1136 641 1311 680 solitudo
1343 647 1460 681 tanta

272 696 337 740 sit,
362 698 410 732 ut
437 693 645 733 hominem
668 695 805 734 videre
835 709 918 734 non
947 699 1085 744 possit,
1110 697 1282 736 excedat
1310 711 1334 737 e
1363 700 1456 736 vita.

273 749 544 797 Princepsque
573 753 753 788 omnium
782 754 977 790 virtutum
1005 753 1075 790 illa
1102 756 1312 801 sapientia,
1339 767 1459 801 quam

270 804 416 852 σοφίαν
455 806 600 844 Graeci
638 812 784 845 vocant
803 831 858 836 —
876 808 1134 855 prudentiam
1177 812 1300 856 enim,
1338 823 1458 857 quam

272 862 417 900 Graeci
437 860 628 909 φρόνησιν
646 863 801 910 dicunt,
817 864 935 902 aliam
952 865 1153 911 quandam
1168 865 1458 913 intellegimus,

271 931 374 964 quae
387 923 450 956 est
461 931 596 956 rerum
608 919 929 966 expetendarum
949 920 1312 969 fugiendarumque
1328 925 1458 960 scien·-

269 976 340 1020 tia3
348 974 417 1011 illa
424 979 562 1013 autem
569 977 778 1023 sapientia,
788 989 907 1023 quam
915 979 1138 1024 principem
1147 977 1243 1024 dixi,
1251 991 1385 1016 rerum
1394 982 1458 1017 est

270 1030 495 1068 divinarum
514 1035 558 1069 et
576 1030 842 1070 humanarum
862 1035 1043 1080 scientia,
1063 1036 1106 1071 in
1125 1047 1204 1081 qua
1223 1036 1456 1072 continetur

269 1085 438 1124 deorum
467 1091 511 1125 et
538 1085 748 1125 hominum
777 1092 1045 1127 communitas
1074 1094 1118 1127 et
1145 1092 1315 1128 societas
1346 1092 1453 1128 inter

269 1145 395 1189 ipsos-‚3
409 1155 456 1180 ea
472 1144 504 1180 si
519 1145 693 1180 maxima
703 1148 777 1190 est,
787 1149 834 1182 ut
849 1149 912 1182 est
924 1150 1048 1191 certe,
1057 1158 1222 1183 necesse
1231 1150 1307 1192 est,
1315 1145 1453 1192 quoda

269 1201 560 1236 communitate
573 1198 744 1237 ducatur
756 1200 941 1247 officium,
954 1200 995 1238 id
1009 1214 1095 1239 esse
1108 1204 1337 1239 maximum.
1357 1201 1454 1239 Ete-

268 1256 353 1291 nim
368 1257 547 1300 cognitio
562 1255 932 1303 contemplatioque
944 1261 1111 1294 naturae
1126 1271 1268 1294 manca
1283 1257 1455 1304 quodam

267 1309 388 1347 modo
399 1315 523 1357 atque
538 1310 727 1349 inchoata
739 1314 803 1358 sit,
814 1314 845 1349 si
859 1311 969 1350 nulla
981 1315 1087 1350 actio
1095 1326 1229 1350 rerum
1237 1326 1455 1360 consequa—

269 1370 345 1403 tur.
370 1365 429 1403 Ea
447 1370 593 1404 autem,
607 1369 714 1404 actio
743 1370 785 1404 in
814 1367 1024 1406 hominum
1048 1368 1269 1406 commodis
1292 1368 1456 1407 tuendis

267 1424 441 1459 maxime
489 1424 668 1460 cernitur
682 1435 692 1468 ;
740 1426 921 1470 pertinet
968 1426 1093 1470 igitur
1129 1424 1182 1462 ad
1219 1427 1453 1462 societatem

265 1480 427 1524 generis
440 1477 605 1516 humani
615 1490 626 1524 ;
639 1491 736 1525 ergo
747 1478 848 1517 haec
857 1482 1078 1526 cognitioni
1086 1480 1372 1527 anteponenda
1380 1485 1452 1518 est.

314 1558 326 1578 ²
338 1559 447 1601 copiis
457 1557 652 1603 [quamvis]
661 1560 796 1599 omnia,
809 1560 874 1593 Ed.
885 1572 892 1599 ς
904 1561 1012 1603 copiis
1023 1562 1192 1604 quamvis
1199 1561 1322 1594 omnia
1335 1561 1437 1594 MSS.
1447 1573 1456 1600 ς

269 1603 378 1645 copiis
393 1604 514 1635 omnia
533 1604 740 1642 Lambinus,
764 1605 833 1643 Bt„
855 1605 993 1644 Miiller,
1014 1606 1142 1638 Heine.

300 1687 456 1720 *Cicero
473 1688 503 1720 is
519 1687 637 1731 guilty
653 1688 728 1721 ofa
745 1689 889 1722 eurious
910 1689 1055 1732 fallacy.
1106 1690 1142 1722 If
1158 1690 1185 1722 it
1206 1690 1346 1723 follows
1363 1690 1453 1723 from

268 1731 323 1763 his
340 1731 528 1773 premises‚
547 1731 597 1774 (ι)
613 1743 714 1764 some
730 1743 798 1765 one
814 1733 930 1765 virtue
949 1733 978 1766 is
996 1734 1056 1766 the
1074 1733 1219 1776 highest
1236 1734 1363 1773 virtue,
1382 1735 1454 1766 and

268 1774 318 1816 (2)
333 1776 393 1807 the
406 1774 524 1808 duties
535 1775 682 1808 derived
694 1776 784 1808 from
798 1777 858 1809 the
871 1777 1019 1819 highest
1033 1777 1148 1810 virtue
1159 1789 1222 1810 are
1235 1778 1295 1811 the
1308 1778 1453 1820 highest

266 1819 397 1857 duties,
416 1819 490 1852 and
513 1819 543 1851 if
560 1819 611 1861 (3)
635 1820 786 1852 wisdom
804 1821 834 1852 is
851 1821 911 1853 the
929 1822 1076 1863 highest
1093 1822 1222 1861 virtue,
1240 1823 1326 1854 then
1343 1823 1368 1854 it
1385 1833 1452 1855 can

266 1864 348 1905 only
359 1863 479 1895 follow
489 1864 569 1895 that
579 1865 639 1896 the
653 1864 770 1896 duties
783 1864 928 1897 derived
941 1865 1031 1898 from
1044 1865 1194 1898 wisdom
1205 1866 1339 1898 arethe
1350 1866 1453 1908 high-

265 1911 321 1939 est
338 1907 466 1939 dutics.
509 1907 579 1939 But
596 1907 725 1940 Cicero
741 1909 878 1940 throws
895 1909 930 1941 in
947 1920 969 1942 a
986 1909 1106 1941 fourth
1123 1910 1278 1952 premise
1294 1911 1374 1942 that
1391 1910 1451 1942 the

267 1950 417 1983 “bonds
427 1951 468 1983 of
479 1951 586 1983 union
604 1952 766 1984 between
783 1953 880 1994 gods
893 1953 965 1984 and
980 1964 1059 1985 men
1070 1954 1143 1985 and
1156 1954 1216 1986 the
1230 1954 1403 1986 relations
1414 1953 1456 1986 of

265 2005 347 2026 man
365 1999 402 2026 to
419 1995 530 2027 man’'
545 2006 608 2028 are
626 1996 771 2028 derived
789 1996 879 2028 from
895 1997 1057 2036 wisdom,
1070 1997 1142 2029 and
1157 1998 1344 2030 therewith
1358 1997 1451 2030 side·

266 2038 389 2071 traeks
407 2038 557 2072 wisdom
574 2039 646 2072 and
663 2040 768 2082 gives
785 2041 845 2073 the
862 2040 980 2073 duties
997 2041 1142 2074 derived
1159 2041 1251 2074 from
1264 2042 1324 2074 the
1337 2041 1449 2075 social

374 2088 451 2130 156
