1546 2294
619 94 820 134 CICERO
850 94 926 133 DE
955 95 1192 136 OFFICIIS

322 179 432 214 enim
448 181 588 214 contra
602 189 689 213 rem
704 176 920 223 publicam,
937 189 1039 223 quae
1056 177 1182 216 debet
1197 191 1285 217 esse
1299 182 1503 219 carissima

323 257 389 295 Sic
415 257 556 304 multa,
578 270 682 304 quae
709 256 882 295 honesta
908 262 1053 295 natura
1072 258 1264 298 videntur
1290 273 1392 308 esse,
1411 265 1516 300 tem-

322 338 484 384 poribus
500 337 603 375 fiunt
618 351 701 375 non
721 336 914 382 honesta3
934 337 1067 376 facere
1083 342 1289 388 promissa,
1303 346 1409 382 stare
1422 355 1516 380 con-

319 421 465 465 ventis,
498 418 670 456 reddere
702 418 887 466 deposita
919 424 1166 458 commutata
1198 421 1378 461 utilitate
1411 422 1516 462 fiunt

317 512 399 537 non
418 499 599 537 honesta.

371 580 432 618 Ac
464 581 516 619 de
551 583 599 619 iis
634 580 812 628 quidem,
838 594 942 628 quae
972 582 1163 637 videntur
1191 596 1279 622 esse
1309 584 1508 624 utilitates

316 667 456 700 contra
468 664 664 700 iustitiam
677 661 935 700 simulatione
956 663 1211 712 prudentiae,
1227 667 1323 703 satis
1337 666 1508 704 arbitror

314 742 479 781 dictum.

230 823 283 867 96
370 824 452 863 Sed
473 827 662 871 quoniam
682 839 706 862 a
726 830 917 872 quattuor
937 825 1117 865 fontibus
1137 826 1362 867 honestatis
1382 832 1510 877 primo

175 909 203 940 §5
217 907 250 934 15
265 907 294 933 fl·
314 905 417 943 libro
437 906 563 943 officia
582 905 783 953 duximus,
803 909 846 943 in
866 906 1020 945 eisdem
1040 920 1258 956 versemur,
1277 921 1370 947 cum
1389 909 1508 949 doce-

172 985 201 1048 ἒξ
214 982 297 1044 ξῗζξὲ
317 987 447 1024 bimus
467 999 528 1033 ea,
544 998 646 1033 quae
662 985 876 1024 videantur
889 1000 976 1025 esse
991 987 1108 1026 utilia
1121 1002 1255 1036 neque
1275 992 1369 1037 sint,
1385 1003 1504 1038 quam

312 1070 394 1105 sint
406 1069 566 1105 virtutis
585 1069 757 1105 inimica.
799 1067 862 1105 Ac
881 1068 934 1106 de
954 1069 1172 1115 prudentia
1187 1070 1366 1118 quidem,
1381 1085 1501 1119 quam

315 1147 399 1186 vult
417 1150 566 1185 imitari
586 1147 752 1194 malitia,
768 1151 949 1196 itemque
970 1149 1022 1187 de
1042 1152 1208 1198 iustitia,
1225 1164 1327 1198 quae
1342 1165 1503 1201 semper

312 1233 375 1266 est
395 1228 519 1275 utilis,
536 1227 788 1275 disputatum
804 1234 876 1266 est.
922 1229 1115 1276 Reliquae
1131 1235 1227 1269 sunt
1245 1230 1350 1270 duae
1369 1238 1504 1280 partes

314 1308 553 1354 honestatis,
583 1320 752 1354 quarum
780 1307 909 1346 altera
935 1311 977 1346 in
1005 1311 1128 1347 animi
1157 1310 1396 1351 excellentis
1422 1325 1505 1352 ma-

312 1387 529 1434 gnitudine
546 1391 590 1425 et
605 1390 854 1434 praestantia
871 1391 1063 1436 cernitur,
1078 1389 1207 1428 altera
1221 1393 1264 1428 in
1283 1392 1500 1432 conforma-

310 1470 421 1506 tione
442 1471 486 1505 et
505 1466 784 1505 moderatione
805 1470 1082 1507 continentiae
1102 1474 1146 1508 et
1165 1474 1470 1518 temperantiae.

226 1551 276 1591 97
364 1546 514 1585 XXVI.
550 1546 663 1585 Utile
694 1546 907 1586 videbatur
939 1548 1063 1596 Ulixi,
1083 1554 1130 1587 ut
1158 1549 1323 1597 quidem
1352 1557 1496 1600 poetae

305 1630 449 1675 tragici
469 1626 737 1674 prodiderunt
763 1618 875 1672 (nam
899 1628 1006 1675 apud
1038 1629 1278 1678 Homerum,
1298 1635 1495 1679 optimum

305 1712 525 1754 auctorem,
548 1706 640 1745 talis
661 1706 712 1744 de
744 1706 865 1746 Ulixe
893 1708 1005 1746 nulla
1031 1712 1204 1757 suspicio
1231 1703 1325 1759 est),
1346 1712 1418 1751 sed
1437 1715 1498 1752 in-

303 1783 495 1821 simulant
507 1795 600 1821 eum
613 1783 846 1830 tragoediae
855 1784 1111 1823 simulatione
1123 1788 1302 1825 insaniae
1313 1787 1498 1828 militiam

303 1859 587 1906 subterfugere
608 1859 790 1897 voluisse.
852 1859 946 1898 Non
971 1860 1187 1900 honestum
1210 1863 1434 1912 consilium,
1452 1870 1496 1904 at

300 1936 415 1983 utile,
435 1941 483 1974 ut
509 1935 652 1982 aliquis
679 1935 847 1974 fortasse
875 1935 1036 1993 dixerit,
1057 1950 1228 1985 regnare
1254 1943 1298 1977 et
1325 1938 1490 1980 Ithacae

298 2015 432 2051 vivere
452 2014 580 2050 otiose
607 2025 699 2049 cum
726 2013 974 2059 parentibus,
995 2026 1087 2051 cum
1113 2026 1252 2062 uxore,
1272 2027 1364 2054 cum
1390 2014 1481 2055 filio.

394 2070 444 2108 37
450 2073 474 2104 2
