1520 2320
576 108 778 147 CICERO
809 108 885 146 DE
914 108 1151 148 OFFICIIS

285 191 534 238 familiarem,
550 195 605 237 at,
622 193 654 228 si
674 190 723 228 lis
742 192 785 227 in
805 190 953 227 iudicio
973 193 1038 236 sit,
1055 193 1326 237 propinquum
1340 193 1475 238 potius

285 253 328 286 et
353 250 527 285 amicum
553 260 673 294 quam
700 249 876 284 vicinum
904 245 1147 285 defenderis.
1209 247 1326 285 Haec
1351 249 1476 294 igitur

285 309 329 343 et
361 304 460 342 talia
493 302 852 350 circumspicienda
891 307 987 340 sunt
1020 305 1063 340 in
1101 305 1211 340 omni
1249 303 1376 341 officio
1415 294 1477 350 [et

285 359 536 399 consuetudo
553 361 870 406 exercitatioque
886 349 1114 406 capienda]‚
1119 350 1131 374 ¹
1146 364 1193 397 ut
1207 359 1304 397 boni
1318 362 1475 398 ratioci-

285 422 446 455 natores
475 416 693 454 officiorum
722 428 765 453 es
767 428 810 453 se
839 418 1035 462 possimus
1065 419 1109 453 et
1133 415 1323 454 addendo
1349 415 1475 454 dedu-

285 465 523 520 cendoque2
547 472 698 518 videre,
726 484 829 519 quae
855 471 1000 518 reliqui
1026 484 1182 509 summa
1205 471 1288 518 fiat,
1311 485 1362 510 ex
1382 485 1474 520 quo,

285 533 483 577 quantum
503 531 648 575 cuique
669 527 880 574 debeatur,
895 527 1120 574 intellegas.

203 584 255 625 60
341 585 423 624 Sed
453 590 500 623 ut
525 598 602 622 nec
628 584 776 622 medici
803 597 879 621 nec
906 586 1168 631 imperatores
1188 597 1265 622 nec
1283 589 1474 632 oratores,

284 644 464 689 quamvis
479 643 575 679 artis
590 645 807 688 praecepta
819 642 1089 687 perceperint,
1102 642 1316 687 quicquam
1327 653 1473 688 magna

283 698 403 736 laude
423 697 594 744 dignum
613 699 700 735 sine
719 710 793 734 usu
815 701 857 734 et
872 699 1162 734 exercitatione
1179 699 1369 743 consequi
1385 709 1473 744 pos-

284 759 391 801 sunt,
415 756 472 792 sic
498 753 614 791 officii
640 753 903 791 conservandi
926 757 1144 800 praecepta
1165 752 1381 791 traduntur
1407 753 1475 790 illa

284 810 462 858 quidem,
492 815 540 848 ut
568 809 735 847 facimus
769 811 858 856 ipsi,
889 808 961 847 sed
994 811 1054 846 rei
1086 808 1326 856 magnitudo
1358 822 1475 847 usum

284 879 445 914 quoque
465 868 880 912 exercitationemque
900 864 1114 903 desiderat.

339 923 479 969 Atque
506 922 558 960 ab
586 914 658 960 iis³
676 922 809 968 rebus,
837 934 940 968 quae
965 926 1062 959 sunt
1089 923 1132 958 in
1157 923 1244 959 iure
1273 924 1476 960 societatis

285 979 499 1025 humanae,
531 991 652 1025 quem
683 977 735 1015 ad
764 977 931 1015 modum
962 977 1133 1015 ducatur
1162 977 1393 1026 honestum,
1424 990 1474 1016 ex

286 1049 366 1083 quo
385 1040 526 1082 aptum
546 1039 609 1072 est
629 1034 814 1080 officium,
835 1036 930 1072 satis
949 1033 1035 1072 fere
1055 1033 1240 1072 diximus.

204 1091 251 1131 61
342 1091 664 1138 Intelligendum
689 1095 827 1128 autem
854 1095 929 1136 est,
956 1103 1048 1127 cum
1070 1092 1275 1137 proposita
1297 1092 1380 1128 sint
1401 1103 1472 1137 ge-

286 1161 383 1186 nera
397 1152 601 1194 quattuor,
615 1160 637 1184 e
653 1147 797 1193 quibus
812 1146 1002 1184 honestas
1015 1146 1266 1193 officiumque
1278 1151 1474 1193 manaret,

288 1203 658 1251 splendidissimum
678 1202 818 1249 videri,
839 1202 947 1249 quod
966 1205 1102 1239 animo
1120 1215 1269 1249 magno
1288 1202 1475 1250 elatoque

288 1260 564 1306 humanasque
577 1272 641 1297 res
654 1258 906 1306 despiciente
919 1258 1073 1296 factum
1085 1261 1147 1296 sit
1172 1257 1316 1305 Itaque
1330 1261 1371 1296 in
1386 1271 1478 1306 pro-

289 1317 369 1354 bris
395 1318 569 1353 maxime
589 1318 632 1352 in
652 1319 841 1362 promptu
864 1319 927 1352 est
946 1317 979 1352 si
1001 1313 1099 1361 quid
1119 1314 1202 1352 tale
1222 1314 1302 1352 dici
1322 1318 1476 1362 potest:

19 1381 77 1421 ¹¹10·
92 1380 145 1407 inc.
161 1380 229 1411 fab..
343 1363 458 1410 “Vos
478 1375 601 1418 enim,
604 1364 644 1388 4
634 1373 813 1435 iuvenes,
829 1371 1008 1408 animum
1023 1372 1165 1417 geritis
1179 1370 1434 1417 muliebrem,

19 1415 170 1447 R¹bb⁸⁶k²'
184 1414 238 1441 2¹⁰
509 1427 609 1465 ssla”
632 1429 746 1473 virgo
782 1417 892 1465 ‘viri'
898 1419 933 1443 '⁶

136 1529 142 1535 ,
292 1489 336 1523 et
355 1487 387 1523 si
407 1483 505 1531 quid
525 1487 611 1522 eius
629 1483 759 1521 modi.

18 1529 201 1591 ῧὲἓίεέὲζίε
435 1539 673 1586 salmacida,
693 1539 820 1586 spolia
839 1540 925 1576 sine
946 1537 1092 1576 sudore
1113 1542 1156 1576 et
1176 1538 1383 1585 sanguine.

285 1597 515 1643 Contraque
536 1599 578 1634 in
598 1595 798 1642 laudibus,
814 1607 917 1641 quae
937 1607 1086 1641 magno
1101 1597 1235 1632 animo
1255 1599 1300 1632 et
1319 1594 1479 1633 fortiter

346 1690 358 1710 ¹
372 1695 426 1724 et.
444 1716 451 1724 .
470 1716 477 1724 .
495 1691 670 1733 capienda
686 1701 755 1722 om.
779 1690 986 1729 Faeeiolati,
1008 1689 1100 1722 Edd.

349 1735 640 1777 ²deducendoque
660 1745 701 1776 p3
726 1733 950 1775 ducendoque
972 1733 1004 1765 A
1029 1733 1056 1765 B
1076 1733 1110 1765 H
1138 1733 1165 1764 L
1189 1743 1212 1765 a
1236 1732 1259 1765 b
1281 1731 1462 1776 (superset

304 1777 914 1855 seg..mbcgezimeztgeofflgesmendoque
929 1788 958 1809 c.

351 1835 467 1900 “Zijim
483 1847 560 1899 A'1’3
580 1866 614 1898 H
633 1865 656 1898 b
673 1877 712 1903 c3
729 1845 861 1897 etenim
879 1875 912 1896 a.

305 1911 464 1988 Οἰειέξῖὕ
497 1911 597 1953 virgo
629 1909 759 1943 “viri''
794 1909 878 1947 Ed.;
904 1909 969 1940 illa
1000 1908 1100 1950 virgo
1116 1908 1194 1941 viri
1215 1907 1336 1947 MSS.;
1360 1909 1487 1952 virago

656 2019 671 2021 Π
682 2045 698 2062 ‘¹
711 2040 850 2073 Cloelia
867 2042 942 2079 (see
961 2039 1099 2079 Index).

402 2093 454 2132 62
