1546 2294
599 82 799 121 CICERO
833 84 906 121 DE
936 85 1172 124 OFFICIIS

305 165 356 202 ab
375 167 436 211 iis,
457 166 525 211 qui
545 164 597 203 ad
617 164 743 212 leges,
760 168 827 212 qui
848 165 899 203 ad
920 179 1065 213 mores,
1081 170 1150 213 qui
1169 167 1222 205 ad
1241 167 1495 216 disciplinam

308 231 366 266 rei
398 229 582 275 publicae
613 232 852 276 pertineret,
875 235 920 268 ut
943 233 1072 268 otium
1098 244 1215 270 suum
1238 232 1290 270 ad
1317 238 1500 271 nostrum

309 296 527 340 negotium
554 294 773 332 contulisse
808 294 1030 332 videantur.
1106 295 1169 334 Ita
1203 296 1262 334 illi
1296 299 1371 344 ipsi
1406 297 1500 335 doc-

311 361 439 396 trinae
460 357 603 396 studiis
623 363 667 396 et
686 361 909 405 sapientiae
930 359 1060 397 dediti
1081 360 1131 398 ad
1153 360 1363 399 hominum
1390 361 1500 399 utili-

311 428 438 460 tatem
468 435 580 460 suam
610 422 870 469 prudentiam
899 423 1309 472 intellegentiamque
1340 428 1500 473 potissi-

310 501 421 524 mum
453 486 687 532 conferunt3
727 487 779 524 ob
811 500 982 534 eamque
1014 491 1138 526 etiam
1171 502 1331 527 causam
1363 489 1498 536 eloqui

311 554 483 598 copiose,
496 551 617 589 modo
637 551 874 598 prudenter,
889 552 1033 590 melius
1050 558 1112 591 est
1133 566 1253 600 quam
1268 553 1332 592 vel
1352 556 1499 592 acutis-

311 620 410 655 sime
438 619 524 654 sine
551 615 785 662 eloquentia
812 619 1003 662 cogitare,
1025 617 1134 663 quod
1165 621 1358 664 cogitatio
1386 621 1428 655 in
1457 631 1499 657 se

310 684 396 728 ipsa
411 683 595 726 vertitur,
611 680 844 726 eloquentia
865 681 1149 728 complectitur
1165 695 1245 728 eos,
1262 683 1500 729 quibuscum

311 748 602 784 communitate
623 747 751 782 iuncti
772 758 918 782 sumus.

206 815 280 853 157
367 810 505 856 Atque
522 814 568 846 ut
579 811 716 856 apium
729 811 915 846 examina
926 822 1008 846 non
1022 809 1304 856 fingendorum
1321 810 1502 849 favorum

312 888 430 913 causa
461 878 774 920 congregantur,
796 873 882 920 sed,
903 886 995 911 cum
1026 875 1327 921 congregabilia
1357 880 1503 912 natura

312 943 406 986 sint,
421 939 581 984 fingunt
596 938 719 984 favos,
732 940 788 975 sie
803 937 1001 984 homines,
1017 951 1063 975 ac
1078 938 1207 976 multo
1223 941 1345 977 etiam
1361 942 1502 986 magis,

312 1009 456 1042 natura
494 1004 731 1048 congregati
765 1001 964 1040 adhibent
1002 997 1151 1048 agendi
1189 994 1501 1050 cogitandique¹

313 1068 543 1107 sollertiam.
607 1066 764 1112 Itaque,
785 1068 861 1104 nisi
894 1079 942 1103 ea
967 1069 1107 1113 virtus,
1128 1080 1231 1113 quae
1261 1072 1421 1105 constat
1449 1080 1500 1105 ex

313 1132 542 1171 hominibus
590 1130 767 1176 tuendis,
810 1130 852 1168 id
900 1135 964 1168 est
1006 1143 1055 1168 ex
1102 1134 1297 1169 societate
1339 1134 1500 1177 generis

311 1198 490 1241 humani,
510 1197 689 1241 attingat
708 1197 984 1240 cognitionem
1005 1208 1153 1242 rerum,
1168 1195 1343 1242 solivaga
1363 1198 1491 1242 cogni-

312 1265 369 1300 tio
403 1265 446 1298 et
484 1262 619 1297 ieiuna
648 1258 846 1304 videatur,
877 1261 1058 1305 itemque
1097 1259 1337 1306 magnitudo
1376 1261 1499 1297 animi

313 1330 468 1364 remota
525 1314 843 1360 eommunitate²
899 1325 1267 1370 coniunctioneque
1326 1323 1502 1361 humana

312 1390 451 1428 feritas
471 1390 523 1426 sit
543 1386 742 1434 quaedam
763 1391 806 1424 et
833 1389 1072 1425 immanitas.
1137 1387 1199 1424 Ita
1219 1387 1276 1434 fit,
1298 1392 1344 1425 ut
1365 1390 1500 1426 vincat

312 1454 554 1500 cognitionis
602 1451 781 1489 studium
830 1453 1072 1488 consociatio
1121 1450 1330 1488 hominum
1377 1456 1500 1498 atque

311 1519 589 1556 communitas.

64 1600 135 1630 lato,
203 1588 279 1623 158
367 1582 454 1620 Nec
468 1593 607 1618 verum
628 1584 704 1625 est,
717 1579 826 1626 quod
847 1578 995 1618 dicitur
1014 1592 1038 1616 a
1057 1579 1311 1625 quibusdam,
1332 1584 1497 1626 propter

38 1633 167 1702 ἓξὲξ·
310 1648 596 1685 necessitatem
611 1646 730 1689 vitae,
748 1642 855 1689 quod
877 1656 936 1688 ea,
952 1655 1055 1689 quae
1071 1648 1215 1681 natura
1231 1643 1496 1690 desideraret,

38 1702 142 1766 ³133?th
307 1712 499 1756 consequi
538 1711 625 1745 sine
665 1707 752 1744 aliis
793 1711 916 1752 atque
957 1707 1114 1744 efficere
1153 1720 1237 1744 non
1278 1720 1497 1754 possemus,

41 1771 142 1804 ¹²⁵³A
308 1775 457 1813 idcirco
477 1775 619 1810 initam
641 1784 728 1808 esse
746 1784 837 1808 cum
859 1770 1088 1809 hominibus
1102 1774 1436 1810 communitatem
1456 1777 1499 1810 et

308 1842 565 1882 societatem;
608 1835 749 1882 quodsi
790 1837 924 1871 omnia
964 1835 1091 1881 nobis,
1124 1848 1226 1882 quae
1261 1835 1313 1873 ad
1347 1838 1497 1873 victum

344 1926 615 1969 'cogitandique
632 1924 659 1956 L
675 1935 695 1956 e
711 1935 746 1966 p,
767 1923 857 1956 Edd.
872 1935 879 1961 ;
897 1925 1201 1966 congregandique
1219 1925 1246 1956 Β
1267 1924 1300 1956 Η
1319 1935 1341 1956 a
1358 1924 1391 1956 b.

348 1970 626 2004 'communitate
648 1979 672 2010 p
690 1967 770 2009 (per
793 1967 1070 2009 compendium),
1093 1966 1177 2007 ΒΩ,
1198 1968 1337 2006 Miiller,
1359 1969 1492 2006 Heinez

307 2016 470 2049 comitate
487 2014 516 2045 A
536 2014 562 2044 Β
584 2013 615 2044 Η
634 2012 660 2043 L
676 2022 699 2044 a
716 2011 739 2043 b
755 2022 784 2046 c.

423 2064 498 2107 160
