1546 2294
227 445 278 479 38

230 1228 283 1268 39

600 79 800 118 CICERO
831 80 908 118 DE
938 80 1175 120 OFFICIIS

307 160 492 198 homines
512 159 870 198 vehementissime
902 160 1153 208 permovent.
1215 160 1332 209 Quae
1358 165 1428 210 qui
1456 165 1500 201 in

307 221 521 263 utramque
548 221 706 263 partem
733 216 893 254 excelso
917 219 1051 255 animo
1077 230 1306 265 magnoque
1330 217 1500 265 despici-

308 278 397 319 unt,
418 285 591 319 cumque
611 272 745 319 aliqua
764 275 812 310 iis
831 272 966 319 ampla
987 277 1031 310 et
1059 272 1233 311 honesta
1258 287 1323 312 res
1343 274 1502 312 obiecta

309 333 385 375 est,
405 333 513 366 totos
532 328 584 366 ad
610 341 653 366 se
674 331 875 366 convertit
904 333 948 366 et
973 331 1092 375 rapit,
1112 334 1201 367 tum
1221 332 1309 376 quis
1329 343 1412 368 non
1430 330 1501 368 ad-

307 387 478 422 miretur
497 384 755 431 splendorem
775 384 1202 431 pulchritudinemque
1221 387 1408 424 virtutis?
1428 403 1431 406 Δ

365 440 437 478 XI.
471 440 579 487 Ergo
599 445 643 478 et
662 440 763 478 haec
783 443 907 477 animi
927 440 1194 487 despicientia
1212 441 1500 480 admirabilita-

309 501 396 534 tem
424 510 614 543 magnam
642 495 740 534 facit
770 501 813 534 et
843 499 1017 535 maxime
1044 499 1211 544 iustitia,
1238 510 1289 535 ex
1315 511 1394 544 qua
1419 511 1501 536 una

309 556 461 590 virtute
481 555 554 590 viri
580 552 676 590 boni
703 552 972 599 appellantur,
993 552 1159 590 mirifica
1178 552 1377 599 quaedam
1396 553 1499 591 mul—

309 608 477 647 titudini
496 608 670 655 videtur,
690 621 766 645 nec
786 611 950 653 iniuria3
980 621 1101 646 nemo
1121 611 1230 646 enim
1256 611 1385 647 iustus
1411 622 1499 648 esse

310 670 460 712 potest,
488 667 557 711 qui
587 669 775 710 mortem,
803 667 872 711 qui
898 664 1093 711 dolorem,
1113 667 1182 711 qui
1213 664 1412 712 exsilium,
1431 667 1500 712 qui

311 726 539 768 egestatem
559 723 692 766 timet,
713 725 784 758 aut
803 723 872 766 qui
893 732 953 766 ea,
970 733 1072 766 quae
1093 725 1189 758 sunt
1208 720 1270 758 his
1290 724 1502 768 contraria,

311 779 508 823 aequitati
538 778 763 822 anteponit.
825 776 1084 822 Maximeque
1114 775 1366 814 admirantur
1394 789 1501 823 eum,

311 835 380 879 qui
399 835 572 879 pecunia
591 845 674 869 non
693 836 898 876 movetur3
928 831 1037 878 quod
1060 835 1103 869 in
1126 845 1206 879 quo
1230 835 1315 871 viro
1337 845 1501 880 perspe-

312 894 424 926 ctum
444 891 509 935 sit,
530 887 639 925 hunc
659 890 744 934 igni
764 892 993 934 spectatum
1012 888 1269 926 arbitrantur.

369 944 513 991 Itaque
539 944 608 981 illa
634 946 723 990 tria,
745 956 848 990 quae
875 946 1080 991 proposita
1108 948 1205 981 sunt
1234 943 1287 981 ad
1315 943 1499 990 gloriam,

312 999 446 1038 omnia
472 1002 625 1038 iustitia
644 999 819 1046 conficit,
839 1004 883 1036 et
902 999 1231 1046 benivolentiam,
1251 999 1360 1046 quod
1380 999 1498 1047 prod-

313 1070 401 1095 esse
427 1056 516 1094 vult
544 1055 740 1103 plurimis,
761 1060 804 1093 et
833 1056 885 1092 ob
912 1055 1085 1093 eandem
1115 1068 1274 1093 causam
1304 1055 1426 1093 fidem
1455 1060 1500 1094 et

308 1112 630 1158 admirationem,
651 1111 759 1158 quod
787 1124 853 1148 eas
884 1124 947 1148 res
974 1113 1130 1157 spernit
1156 1115 1199 1148 et
1229 1110 1427 1158 neglegit,
1447 1110 1499 1149 ad

313 1181 411 1215 quas
430 1167 613 1215 plerique
632 1166 867 1204 inflammati
886 1166 1319 1213 aviditate‘rapiuntur.

369 1224 430 1261 Ac
450 1237 541 1261 mea
560 1223 726 1270 quidem
746 1225 951 1260 sententia
971 1225 1100 1260 omnis
1119 1225 1222 1260 ratio
1240 1227 1364 1269 atque
1387 1225 1502 1260 insti-

313 1282 419 1318 tutio
438 1282 545 1317 vitae
564 1278 800 1316 adiumenta
819 1277 1027 1315 hominum
1047 1277 1266 1325 desiderat,
1284 1280 1328 1316 in
1347 1281 1503 1325 primis-

314 1349 393 1383 que
423 1340 470 1372 ut
499 1334 662 1381 habeat,
683 1334 920 1380 quibuscum
941 1336 1067 1380 possit
1086 1333 1302 1371 familiares
1321 1333 1505 1372 conferre

314 1403 540 1435 sermones;
579 1390 688 1436 quod
719 1395 782 1427 est
812 1389 986 1435 difficile,
1017 1391 1095 1427 nisi
1125 1392 1302 1436 speciem
1334 1402 1430 1436 prae
1461 1394 1505 1428 te

316 1448 412 1485 boni
428 1449 501 1484 viri
521 1446 635 1484 feras.
678 1445 786 1492 Ergo
807 1448 930 1483 etiam
950 1445 1127 1483 solitario
1146 1444 1301 1483 homini
1319 1450 1442 1492 atque
1462 1447 1506 1482 in

314 1516 411 1549 agro
442 1505 566 1540 vitam
604 1504 744 1548 agenti
782 1503 918 1548 opinio
956 1503 1134 1539 iustitiae
1173 1503 1398 1539 necessaria
1429 1505 1505 1548 est,

315 1572 445 1606 eoque
484 1561 608 1596 etiam
640 1560 769 1603 magis
813 1556 935 1603 quod,
967 1569 1056 1594 eam
1090 1559 1122 1594 si
1160 1569 1243 1594 non
1281 1555 1505 1603 habebunt,

315 1606 472 1661 [iniusti
498 1586 804 1659 habebuntur‚]¹
831 1612 952 1650 nullis
978 1611 1186 1659 praesidiis
1212 1614 1342 1659 saepti
1367 1612 1505 1650 multis

356 1686 511 1719 ²iniusti
523 1686 747 1717 habebuntur
758 1684 785 1715 B
805 1685 838 1716 H
858 1684 894 1722 b;
908 1684 1106 1716 bracketed
1124 1684 1172 1726 by
1188 1684 1395 1724 Facciolati,
1410 1683 1502 1717 Edd.

316 1789 535 1830 nautiquam
549 1788 575 1818 B
590 1787 622 1818 H
638 1797 660 1818 a
672 1798 706 1828 p,
722 1786 805 1825 Bt.¹,
821 1786 936 1818 Heine
950 1797 959 1823 ;
977 1787 1207 1817 contemnunt
1216 1785 1358 1826 quidem
1375 1795 1507 1827 nequa-

315 1844 425 1876 quam
442 1843 460 1863 c
475 1843 483 1869 ς
500 1843 571 1862 non
587 1833 818 1863 contemnunt
831 1830 974 1872 quidem
992 1829 1156 1871 Madvig,
1177 1828 1315 1861 Mfiller.

358 1876 431 1907 ‘'iis
450 1876 490 1914 B,
511 1875 628 1912 Edd.;
650 1874 758 1906 hisH
777 1884 800 1905 a
817 1873 862 1910 b;
885 1872 956 1915 hilis·
972 1883 1002 1904 c.

358 1919 452 1951 ⁶iiB
472 1915 900 1958 b;hiifl;hia;hije.
943 1916 1094 1958 80537.

357 1963 522 1995 ⁷maioris
542 1962 664 2004 partis
685 1961 825 1992 animos
848 1971 879 1999 e,
900 1960 1008 2000 Edd.;
1027 1960 1177 1992 maiores
1185 1960 1307 2002 partis
1322 1959 1443 1991 animi
1458 1958 1502 1997 133

314 2007 464 2039 maiores
474 2009 597 2048 partes
611 2005 732 2037 animi
748 2004 780 2036 H
799 2015 822 2036 a
838 2003 872 2036 b.

422 2056 502 2096 206
