1546 2294
162 1053 239 1087 134

160 2010 236 2045 135

567 150 767 189 CICERO
798 150 875 188 DE
905 150 1141 191 OFFICIIS

270 236 357 278 tui-3
397 245 517 271 sonus
563 237 651 271 erat
696 232 839 280 dulcis,
877 231 1040 271 litterae
1086 246 1220 281 neque
1252 246 1465 282 expressae

270 327 404 362 neque
420 327 648 362 oppressae,
662 327 714 352 ne
730 319 801 352 aut
817 314 1030 352 obscurum
1046 320 1154 354 esset
1172 320 1244 354 aut
1262 315 1464 364 putidum,

269 398 358 434 sine
403 398 666 434 contentione
705 409 781 434 vox
820 409 897 434 nec
944 395 1142 443 languens
1181 410 1258 435 nec
1305 410 1460 436 canora.

272 477 445 516 Uberior
465 479 592 515 oratio
617 477 661 514 L.
686 477 815 515 Crassi
838 490 915 515 nec
940 480 1072 516 minus
1097 477 1242 526 faceta,
1263 477 1336 517 sed
1356 479 1462 517 bene

268 558 463 605 loquendi
483 558 535 597 de
557 558 708 597 Catulis
729 561 865 606 opinio
885 572 967 597 non
987 562 1128 598 minor.
1190 559 1282 599 Sale
1302 573 1398 598 vero
1418 565 1462 599 et

269 639 426 678 facetiis
447 640 604 687 Caesar,
622 640 754 678 Catuli
775 643 899 687 patr1s
915 640 1053 688 frater,
1068 643 1165 679 vicit
1185 654 1339 689 omnes,
1354 646 1402 680 ut
1420 644 1463 680 in

269 721 339 759 illo
354 723 441 768 ipso
461 720 611 759 forensi
631 733 785 768 genere
805 720 969 759 dicendi
991 724 1274 761 contentiones
1293 722 1462 760 aliorum

269 815 456 841 sermone
474 805 668 842 vinceret.

330 885 379 924 In
398 886 585 924 omnibus
605 888 731 932 igitur
750 885 812 924 his
833 886 1123 924 elaborandum
1144 891 1221 934 est,
1236 889 1270 925 si
1289 888 1332 924 in
1352 889 1462 924 omni

270 980 314 1006 re
335 967 432 1015 quid
453 967 599 1006 deceat
619 970 875 1015 exquirimus.

325 1049 387 1088 Sit
407 1062 504 1096 ergo
520 1049 586 1086 hic
605 1062 751 1096 sermo,
765 1052 807 1086 in
828 1062 908 1096 quo
923 1048 1116 1088 Socratici
1131 1054 1306 1088 maxime
1327 1049 1461 1088 excel·

268 1131 374 1179 lunt,
399 1130 504 1169 lenis
534 1133 783 1178 minimeque
815 1134 1016 1179 pertinax,
1043 1134 1140 1169 insit
1172 1134 1216 1169 in
1247 1144 1296 1169 eo
1327 1131 1440 1179 lepos
1450 1144 1460 1178 ;

268 1225 345 1250 nec
375 1225 484 1259 vero,
511 1217 719 1259 tamquam
752 1214 793 1249 in
824 1214 1118 1259 possessionem
1149 1225 1262 1250 suam
1289 1215 1460 1260 venerit,

269 1293 460 1332 excludat
497 1293 608 1340 alios,
637 1292 708 1331 sed
743 1306 835 1330 curn
870 1293 1035 1340 reliquis
1065 1295 1107 1330 in
1141 1293 1275 1341 rebus,
1302 1298 1390 1332 tum
1419 1297 1462 1332 in

269 1387 456 1414 sermone
476 1376 680 1412 communi
694 1374 1013 1412 vicissitudinem
1029 1387 1111 1412 non
1127 1377 1307 1421 iniquam
1322 1380 1463 1422 putet3

268 1469 315 1494 ac
346 1455 484 1494 videat
515 1458 557 1493 in
584 1458 737 1503 primis,
769 1456 914 1502 quibus
949 1455 1002 1494 de
1035 1455 1157 1494 rebus
1191 1455 1399 1503 loquatur3
1431 1459 1463 1496 si

271 1540 397 1586 seriis,
430 1540 692 1576 severitatem
719 1536 926 1585 adhibeat,
955 1540 987 1575 si
1014 1539 1168 1584 iocosis,
1188 1537 1390 1585 leporem3
1419 1541 1461 1578 in

270 1620 488 1666 primisque
508 1616 731 1665 provideat,
747 1630 800 1655 ne
820 1630 951 1655 sermo
966 1620 1109 1655 vitium
1125 1617 1287 1664 aliquod
1307 1619 1462 1658 indicet

270 1702 402 1737 inesse
422 1701 464 1735 in
484 1698 682 1742 moribus;
712 1697 820 1744 quod
840 1700 1014 1736 maxime
1042 1702 1129 1735 tum
1156 1698 1261 1736 solet
1284 1702 1460 1747 evenire,

270 1789 363 1815 cum
383 1774 563 1814 studiose
583 1773 635 1812 de
656 1774 893 1812 absentibus
910 1774 1154 1812 detrahendi
1170 1788 1288 1813 causa
1302 1781 1374 1814 aut
1389 1789 1461 1823 per

268 1852 483 1891 ridiculum
509 1856 580 1890 aut
611 1863 750 1889 severe
776 1851 974 1890 maledice
1001 1851 1372 1900 contumelioseque
1402 1853 1461 1891 di-

268 1932 382 1968 citur.

325 2006 544 2044 Habentur
589 2010 726 2044 autem
774 2005 1013 2052 plerumque
1052 2018 1258 2044 sermones
1295 2011 1368 2044 aut
1403 2005 1457 2045 de

266 2083 497 2177 domestigis
523 2085 700 2129 negotiis
728 2087 800 2120 aut
819 2081 872 2120 de
892 2093 936 2120 re
961 2081 1121 2129 publica
1144 2087 1215 2121 aut
1235 2082 1287 2121 de
1306 2085 1452 2122 artium

380 2142 427 2177 13
