1546 2294
214 609 266 648 65

585 109 786 149 CICERO
817 108 893 147 DE
922 109 1159 150 OFFICIIS

291 190 393 243 utile
431 193 492 237 iis,
531 193 599 237 qui
639 190 810 229 honeste
850 204 966 238 posse
1004 191 1179 230 multum
1218 191 1372 239 volunt,
1411 200 1484 240 per'

297 249 476 297 hospites
509 249 617 297 apud
657 255 847 289 externos
881 251 1050 298 populos
1089 251 1223 290 valere
1261 251 1404 298 opibus
1441 255 1487 289 et

297 306 436 356 gratia.
514 308 818 357 Theophrastus
872 309 1038 356 quidem
1092 303 1231 349 scribit
1264 311 1494 350 Cimonem·

298 369 472 407 Athenis
499 371 622 407 etiam
650 372 692 407 in
719 382 810 407 suos
837 369 1006 408 curiales
1028 370 1220 408 Laciadas
1243 369 1485 418 hospitalem

297 428 443 474 fuisse3
470 431 528 467 ita
554 431 663 467 enim
690 431 913 468 instituisse
934 433 978 468 et
996 429 1123 468 vilicis
1147 432 1418 477 imperavisse,
1438 434 1485 468 ut

296 491 430 527 omnia
456 488 761 536 praeberentur,
782 491 1026 536 quicumque
1053 489 1246 528 Laciades
1275 492 1317 527 in
1346 488 1482 527 villam

296 562 409 589 suam
429 548 681 587 devertisset.

353 608 464 645 XIX.
498 607 613 655 Quae
634 613 772 646 autem
793 621 927 656 opera,
948 621 1031 646 non
1050 608 1266 655 largitione
1286 607 1482 647 beneficia

297 668 459 714 dantur,
480 667 580 705 haec
608 672 695 705 tum
721 669 763 705 in
791 670 1019 706 universam
1045 681 1131 705 rem
1158 667 1374 714 publicam,
1395 672 1482 706 tum

298 731 342 766 in
361 727 540 774 singulos
560 730 667 765 cives
693 727 969 765 conferuntur.
1030 727 1135 765 Nam
1161 730 1204 764 in
1230 730 1317 765 iure
1343 740 1485 765 cavere

300 779 497 836 [,consilio
512 777 696 833 iuvare,]l
706 791 830 834 atque
842 786 919 824 hoc
932 789 1125 825 scientiae
1137 799 1289 833 genere
1298 786 1488 834 prodesse

300 862 421 896 quam
455 847 636 894 plurimis
670 846 937 885 vehementer
975 851 1020 885 et
1057 846 1109 885 ad
1146 859 1244 893 opes
1281 845 1488 893 augendas

301 910 481 956 pertinet
501 911 544 945 et
563 905 614 944 ad
633 909 815 953 gratiam.

358 967 502 1014 Itaque
528 979 621 1003 cum
649 965 778 1003 multa
804 965 1007 1012 praeclara
1031 968 1242 1012 maiorum,
1266 969 1355 1003 tum
1381 964 1490 1012 quod

300 1030 453 1074 optime
466 1027 678 1064 constituti
692 1028 787 1063 iuris
801 1024 926 1062 civilis
938 1038 1095 1062 summo
1106 1037 1266 1071 semper
1280 1027 1321 1062 in
1337 1023 1489 1062 honore

301 1087 380 1125 fuit
399 1089 577 1133 cognitio
595 1090 719 1132 atque
738 1087 1042 1132 interpretati03
1069 1098 1189 1131 quam
1208 1084 1372 1131 quidem
1393 1089 1489 1122 ante

304 1147 406 1184 hanc
422 1145 699 1184 confusionem
718 1149 947 1191 temporum
967 1147 1008 1181 in
1029 1146 1278 1190 possessione
1293 1156 1363 1181 sua
1382 1146 1491 1190 prin-

303 1209 412 1254 cipes
431 1208 702 1251 retinuerunt‚
723 1217 844 1250 nunc,
865 1208 912 1241 ut
931 1202 1116 1249 honores,
1137 1207 1183 1240 ut
1201 1215 1341 1240 omnes
1361 1202 1493 1248 digni-

303 1268 399 1304 tatis
419 1264 581 1311 gradus,
601 1266 656 1301 sic
676 1263 795 1301 huius
814 1265 1008 1300 scientiae
1028 1261 1219 1308 splendor
1238 1261 1398 1299 deletus
1418 1265 1490 1307 est,

304 1325 427 1372 idque
455 1337 503 1361 eo
530 1323 749 1369 indignius,
775 1321 884 1369 quod
914 1334 962 1359 eo
991 1326 1175 1368 tempore
1205 1319 1282 1358 hoc
1311 1323 1497 1368 contigit,

305 1398 397 1424 cum
413 1387 445 1422 is
461 1388 582 1430 esset,
597 1385 665 1430 qui
682 1394 822 1419 omnes
837 1383 1074 1428 superiores,
1090 1380 1235 1427 quibus
1254 1379 1407 1417 honore
1427 1392 1499 1426 par

305 1449 426 1491 esset,
460 1444 630 1481 scientia
663 1440 782 1479 facile
817 1443 988 1478 vicisset.
1059 1439 1176 1477 Haec
1214 1441 1339 1486 igitur
1376 1451 1497 1485 opera

304 1509 420 1551 grata
446 1502 584 1540 multis
608 1505 652 1540 et
674 1500 725 1538 ad
750 1499 955 1538 beneficiis
978 1498 1290 1544 obstringendos
1313 1496 1496 1536 homines

302 1561 613 1602 accommodata.

310 1643 510 1721 H¹fonsilio
524 1643 650 1674 iuvare
664 1641 767 1673 MSS.
777 1664 785 1679 ,
803 1639 887 1678 Ed.;
911 1639 1110 1671 bracketed
1121 1638 1169 1681 by
1184 1638 1340 1678 Muther,
1357 1638 1494 1677 Mulier,

349 1699 437 1720 eine.

350 1785 467 1817 ⁸Acts
490 1783 530 1815 of
550 1781 723 1814 kindness
748 1780 820 1811 and
847 1780 1016 1821 persona!
1037 1778 1175 1811 service
1193 1781 1352 1810 meanto
1369 1777 1496 1810 Cicero

308 1829 529 1870 throughout
546 1827 617 1858 this
630 1824 833 1857 discussion
849 1825 907 1856 the
921 1823 1080 1856 services
1090 1822 1132 1854 of
1143 1823 1203 1854 the
1217 1823 1364 1864 lawyer,
1381 1820 1495 1852 which

309 1883 403 1906 were
420 1873 608 1911 voluntary
627 1869 699 1901 and
717 1868 847 1910 gratis.

351 1916 370 1941 b
386 1916 474 1948 This
505 1915 661 1946 eminent
687 1911 793 1955 jurist
829 1922 905 1943 was
936 1909 1083 1942 Servius
1115 1907 1292 1951 Sulpicius
1324 1908 1496 1941 Lemonia

310 1961 435 1999 Rufus,
455 1971 478 1991 a
499 1960 595 1991 close
616 1955 733 1988 friend
755 1955 795 1987 of
815 1954 955 1993 Cicero,
974 1954 1107 1986 author
1129 1953 1170 1985 of
1189 1953 1248 1984 the
1267 1951 1493 1984 well-known

305 2007 409 2037 letter
424 2003 463 2036 of
480 2001 696 2036 condolence
713 2004 751 2031 to
767 1998 896 2031 Cicero
912 2009 958 2030 on
979 1998 1039 2029 the
1055 1997 1165 2029 death
1182 1995 1224 2028 of
1240 1995 1295 2028 his
1312 1995 1495 2037 daughter

305 2048 434 2081 Tullia.

416 2102 494 2137 288
