1546 2294
602 49 802 90 CICERO
834 49 910 90 DE
939 51 1175 92 OFFICIIS

308 135 416 183 quod
438 150 486 174 eo
507 137 680 176 firmiore
700 140 835 176 animo
862 137 1027 186 facient,
1048 141 1141 186 quia
1161 152 1244 177 non
1269 137 1391 177 modo
1416 150 1499 176 non

310 204 516 242 invidetur
535 204 594 243 illi
613 208 753 253 aetati,
775 219 915 244 verum
936 208 1059 244 etiam
1080 206 1249 245 favetur.

367 271 500 310 Prima
538 275 663 320 igitur
701 278 765 312 est
803 273 1056 312 adulescenti
1104 273 1404 312 commendatio
1452 271 1505 326 ad

309 338 492 386 gloriam,
514 342 546 378 si
566 353 645 387 qua
665 354 715 378 ex
735 340 892 379 bellicis
911 341 1032 380 rebus
1051 342 1272 389 comparari
1291 344 1443 395 potest,
1460 341 1503 377 in

309 421 388 454 qua
407 407 526 446 multi
546 408 655 455 apud
674 411 844 447 maiores
864 414 1023 447 nostros
1048 411 1315 454 exstiterunt;
1343 419 1504 454 semper

310 477 420 513 enim
440 475 526 514 fere
548 476 655 514 bella
674 477 932 523 gerebantur.
964 476 1052 515 Tua
1070 481 1210 515 autem
1229 480 1340 514 aetas
1359 473 1504 512 incidit

311 542 410 581 inid
425 543 594 591 bellum,
610 546 722 582 cuius
738 544 867 583 altera
882 557 972 592 pars
988 544 1151 583 sceleris
1164 546 1334 582 nimium
1346 541 1503 590 habuit,

311 610 438 649 altera
458 610 664 649 felicitatis
684 625 836 659 parum.
898 611 990 659 Quo
1009 617 1149 650 tamen
1163 614 1207 650 in
1221 610 1330 650 bello
1349 623 1441 648 cum
1461 614 1504 648 te

315 678 527 726 Pompeius
546 679 633 717 alae
655 670 829 726 [alteri]¹
849 679 1123 728 praefecisset,
1139 692 1328 726 magnam
1343 677 1506 716 laudem

313 751 356 787 et
375 760 399 784 a
425 760 582 785 summo
602 750 686 786 viro
713 752 757 786 et
782 749 833 786 ab
860 751 1041 786 exercitu
1069 747 1368 794 consequebare
1395 747 1508 792 equi-

314 814 451 862 tando,
491 814 717 863 iaculando,
756 819 866 854 omni
903 815 1068 854 militari
1106 815 1243 853 labore
1282 813 1504 853 tolerando.

316 883 451 930 Atque
486 896 535 921 ea
563 883 729 930 quidem
759 888 831 922 tua
857 884 944 922 laus
974 886 1125 931 pariter
1151 895 1243 921 cum
1271 894 1316 921 re
1344 881 1505 930 publica

312 951 470 989 cecidit.

369 1019 473 1057 Mihi
493 1024 629 1058 autem
646 1019 747 1058 haec
766 1023 894 1059 oratio
909 1025 1096 1067 suscepta
1111 1032 1194 1057 non
1209 1018 1261 1057 de
1275 1023 1319 1057 te
1340 1022 1416 1065 est,
1431 1016 1500 1056 sed

313 1086 366 1126 de
385 1100 538 1134 genere
557 1092 667 1134 toto;
696 1101 817 1135 quam
836 1088 889 1127 ob
907 1101 994 1126 rem
1014 1099 1229 1135 pergamus
1247 1085 1300 1124 ad
1319 1098 1380 1132 ea,
1400 1097 1502 1132 quae

314 1160 481 1194 restant.

232 1222 286 1262 46
373 1223 430 1262 Ut
450 1226 576 1270 igitur
590 1226 633 1261 in
647 1223 813 1271 reliquis
826 1224 945 1262 rebus
966 1222 1096 1261 multo
1107 1224 1258 1260 maiora
1277 1233 1399 1268 opera
1413 1224 1502 1258 sunt

315 1293 438 1328 animi
469 1304 589 1338 quam
619 1294 807 1338 corporis,
842 1294 898 1330 sic
929 1305 1000 1329 eae
1031 1304 1108 1337 rcs,
1140 1302 1238 1336 quas
1269 1289 1435 1335 ingenio
1464 1300 1506 1325 ac

316 1361 472 1396 ratione
493 1361 786 1406 persequimur,
806 1362 1003 1406 gratiores
1030 1362 1126 1396 sunt
1145 1369 1265 1404 quam
1284 1355 1391 1402 illae,
1411 1367 1509 1402 quas

315 1427 475 1465 viribus.
538 1426 671 1464 Prima
699 1429 824 1473 igitur
853 1425 1151 1465 commendatio
1184 1423 1448 1472 proficiscitur
1484 1436 1509 1460 a

314 1494 514 1533 modestia
541 1488 658 1532 cum2
679 1497 834 1541 pietate
861 1497 903 1532 in
932 1498 1135 1541 parentes,
1155 1494 1198 1530 in
1224 1504 1315 1530 suos
1342 1490 1506 1528 benivo-

316 1563 452 1600 lentia.
527 1561 736 1600 Facillime
775 1568 913 1600 autem
954 1567 997 1600 et
1033 1564 1076 1599 in
1114 1562 1309 1607 optimam
1347 1563 1504 1606 partem

314 1634 615 1677 cognoscuntur
634 1629 930 1677 adulescentes,
952 1631 1021 1676 qui
1048 1641 1091 1667 se
1117 1626 1169 1665 ad
1195 1626 1321 1664 claros
1341 1630 1385 1664 et
1404 1627 1505 1672 sapi-

314 1703 432 1751 entes
464 1699 568 1735 viros
599 1697 705 1736 bene
732 1698 994 1736 consulentes
1021 1698 1080 1734 rei
1112 1695 1298 1743 publicae
1327 1693 1502 1742 contule-

314 1771 430 1811 runt;
475 1765 715 1812 quibuscum
763 1769 796 1804 si
845 1766 1082 1813 frequentes
1130 1767 1240 1809 sunt,
1278 1763 1507 1809 opinionem

313 1833 488 1872 afferunt
514 1833 665 1880 populo
693 1847 831 1872 eorum
859 1833 944 1872 fore
972 1846 1014 1871 se
1035 1831 1198 1876 similes,
1219 1842 1318 1876 quos
1338 1828 1413 1867 sibi
1432 1830 1505 1876 ipsi

560 1941 688 1973 'alteri
704 1939 824 1977 MSS.;
841 1950 911 1970 om.
929 1937 1121 1975 Graevius,
1142 1934 1233 1968 Edd-

564 1984 669 2017 ²cum
685 1983 880 2022 Victorius,
901 1982 1011 2020 Edd.;
1029 1984 1105 2013 tum
1125 1980 1227 2012 MSS.

423 2042 504 2077 214
