<?xml version="1.0" encoding="UTF-8"?>
<!DOCTYPE html PUBLIC "-//W3C//DTD XHTML 1.0 Transitional//EN"
    "http://www.w3.org/TR/xhtml1/DTD/xhtml1-transitional.dtd">
<html xmlns="http://www.w3.org/1999/xhtml" xml:lang="en" lang="en">
 <head>
  <title>
</title>
<meta http-equiv="Content-Type" content="text/html;charset=utf-8" />
  <meta name='ocr-system' content='tesseract 3.04.00' />
  <meta name='ocr-capabilities' content='ocr_page ocr_carea ocr_par ocr_line ocrx_word'/>
</head>
<body>
  <div class='ocr_page' id='page_1' title='image "./deofficiiswithen00ciceuoft_0088.png"; bbox 0 0 1520 2320; ppageno 0'>
   <div class='ocr_carea' id='block_1_1' title="bbox 227 737 278 777">
    <p class='ocr_par' dir='ltr' id='par_1_1' title="bbox 227 737 278 777">
     <span class='ocr_line' id='line_1_1' title="bbox 227 737 278 777; baseline -0.039 0"><span class='ocrx_word' id='word_1_1' title='bbox 227 737 278 777; x_wconf 76' lang='lat'><strong>62</strong></span> 
     </span>
    </p>
   </div>
   <div class='ocr_carea' id='block_1_2' title="bbox 96 1339 284 1470">
    <p class='ocr_par' dir='ltr' id='par_1_2' title="bbox 96 1339 284 1434">
     <span class='ocr_line' id='line_1_2' title="bbox 97 1339 284 1379; baseline -0.016 -14"><span class='ocrx_word' id='word_1_2' title='bbox 97 1339 207 1365; x_wconf 84' lang='lat' dir='ltr'><strong>Menex.</strong></span> <span class='ocrx_word' id='word_1_3' title='bbox 233 1339 284 1379; x_wconf 80' lang='lat'><strong>63</strong></span> 
     </span>
     <span class='ocr_line' id='line_1_3' title="bbox 96 1373 198 1403; baseline -0.01 -4"><span class='ocrx_word' id='word_1_4' title='bbox 96 1373 151 1400; x_wconf 74' lang='lat'><strong>246</strong></span> <span class='ocrx_word' id='word_1_5' title='bbox 159 1373 182 1398; x_wconf 88' lang='lat' dir='ltr'>E</span> <span class='ocrx_word' id='word_1_6' title='bbox 191 1380 198 1403; x_wconf 88' lang='grc'><strong>;</strong></span> 
     </span>
     <span class='ocr_line' id='line_1_4' title="bbox 99 1407 206 1434; baseline -0.028 0"><span class='ocrx_word' id='word_1_7' title='bbox 99 1407 206 1434; x_wconf 83' lang='lat' dir='ltr'>Laches</span> 
     </span>
    </p>

    <p class='ocr_par' dir='ltr' id='par_1_3' title="bbox 98 1441 184 1470">
     <span class='ocr_line' id='line_1_5' title="bbox 98 1441 184 1470; baseline -0.012 -3"><span class='ocrx_word' id='word_1_8' title='bbox 98 1442 149 1470; x_wconf 78' lang='lat'><strong>197</strong></span> <span class='ocrx_word' id='word_1_9' title='bbox 162 1441 184 1466; x_wconf 85' lang='grc' dir='ltr'><strong>Β</strong></span> 
     </span>
    </p>
   </div>
   <div class='ocr_carea' id='block_1_3' title="bbox 598 109 1171 150">
    <p class='ocr_par' dir='ltr' id='par_1_4' title="bbox 598 109 1171 150">
     <span class='ocr_line' id='line_1_6' title="bbox 598 109 1171 150; baseline 0 -1"><span class='ocrx_word' id='word_1_10' title='bbox 598 110 797 149; x_wconf 90' lang='lat' dir='ltr'>CICERO</span> <span class='ocrx_word' id='word_1_11' title='bbox 828 110 905 148; x_wconf 94' lang='lat' dir='ltr'><strong>DE</strong></span> <span class='ocrx_word' id='word_1_12' title='bbox 934 109 1118 149; x_wconf 91' lang='lat' dir='ltr'><strong>OFFICI</strong></span> <span class='ocrx_word' id='word_1_13' title='bbox 1123 110 1171 150; x_wconf 93' lang='lat' dir='ltr'><strong>IS</strong></span> 
     </span>
    </p>
   </div>
   <div class='ocr_carea' id='block_1_4' title="bbox 304 191 1520 1867">
    <p class='ocr_par' dir='ltr' id='par_1_5' title="bbox 304 191 1498 714">
     <span class='ocr_line' id='line_1_7' title="bbox 304 191 1494 240; baseline -0.001 -7"><span class='ocrx_word' id='word_1_14' title='bbox 304 193 634 240; x_wconf 82' lang='lat' dir='ltr'><strong>excellenterque</strong></span> <span class='ocrx_word' id='word_1_15' title='bbox 654 197 771 239; x_wconf 88' lang='lat' dir='ltr'><strong>gesta</strong></span> <span class='ocrx_word' id='word_1_16' title='bbox 790 197 898 239; x_wconf 90' lang='lat' dir='ltr'><strong>sunt,</strong></span> <span class='ocrx_word' id='word_1_17' title='bbox 919 205 967 231; x_wconf 89' lang='lat' dir='ltr'><strong>ea</strong></span> <span class='ocrx_word' id='word_1_18' title='bbox 986 195 1122 231; x_wconf 89' lang='lat' dir='ltr'><strong>nescio</strong></span> <span class='ocrx_word' id='word_1_19' title='bbox 1142 205 1222 240; x_wconf 90' lang='lat' dir='ltr'><strong>quo</strong></span> <span class='ocrx_word' id='word_1_20' title='bbox 1241 191 1362 231; x_wconf 89' lang='lat' dir='ltr'><strong>modo</strong></span> <span class='ocrx_word' id='word_1_21' title='bbox 1381 195 1494 240; x_wconf 84' lang='lat' dir='ltr'>quasi</span> 
     </span>
     <span class='ocr_line' id='line_1_8' title="bbox 305 252 1496 302; baseline -0.002 -9"><span class='ocrx_word' id='word_1_22' title='bbox 305 255 485 302; x_wconf 78' lang='lat' dir='ltr'><strong>pleniore</strong></span> <span class='ocrx_word' id='word_1_23' title='bbox 513 266 582 291; x_wconf 89' lang='lat' dir='ltr'><strong>ore</strong></span> <span class='ocrx_word' id='word_1_24' title='bbox 601 252 821 290; x_wconf 84' lang='lat' dir='ltr'><strong>laudamus.</strong></span> <span class='ocrx_word' id='word_1_25' title='bbox 883 252 993 290; x_wconf 90' lang='lat' dir='ltr'><strong>Hinc</strong></span> <span class='ocrx_word' id='word_1_26' title='bbox 1018 252 1228 291; x_wconf 81' lang='lat' dir='ltr'><strong>rhetorum</strong></span> <span class='ocrx_word' id='word_1_27' title='bbox 1253 266 1416 300; x_wconf 90' lang='lat' dir='ltr'><strong>campus</strong></span> <span class='ocrx_word' id='word_1_28' title='bbox 1443 253 1496 291; x_wconf 90' lang='lat' dir='ltr'><strong>de</strong></span> 
     </span>
     <span class='ocr_line' id='line_1_9' title="bbox 308 312 1496 360; baseline -0.002 -7"><span class='ocrx_word' id='word_1_29' title='bbox 308 314 564 360; x_wconf 79' lang='lat' dir='ltr'><strong>Marathone,</strong></span> <span class='ocrx_word' id='word_1_30' title='bbox 596 312 812 360; x_wconf 65' lang='lat' dir='ltr'><strong>Salamine,</strong></span> <span class='ocrx_word' id='word_1_31' title='bbox 846 312 1031 360; x_wconf 89' lang='lat' dir='ltr'><strong>Plataeis,</strong></span> <span class='ocrx_word' id='word_1_32' title='bbox 1063 312 1358 360; x_wconf 88' lang='lat' dir='ltr'><strong>Thermopylis,</strong></span> <span class='ocrx_word' id='word_1_33' title='bbox 1390 313 1496 351; x_wconf 89' lang='lat' dir='ltr'><strong>Leu-</strong></span> 
     </span>
     <span class='ocr_line' id='line_1_10' title="bbox 308 366 1493 422; baseline -0.001 -9"><span class='ocrx_word' id='word_1_34' title='bbox 308 377 417 422; x_wconf 90' lang='lat' dir='ltr'><strong>ctris,</strong></span> <span class='ocrx_word' id='word_1_35' title='bbox 437 374 533 412; x_wconf 90' lang='lat' dir='ltr'><strong>hinc</strong></span> <span class='ocrx_word' id='word_1_36' title='bbox 556 378 695 411; x_wconf 84' lang='lat' dir='ltr'><strong>noster</strong></span> <span class='ocrx_word' id='word_1_37' title='bbox 715 366 883 420; x_wconf 82' lang='lat' dir='ltr'><strong>Cocles,l</strong></span> <span class='ocrx_word' id='word_1_38' title='bbox 904 372 1000 411; x_wconf 91' lang='lat' dir='ltr'><strong>hinc</strong></span> <span class='ocrx_word' id='word_1_39' title='bbox 1021 373 1151 420; x_wconf 89' lang='lat' dir='ltr'><strong>Decii,</strong></span> <span class='ocrx_word' id='word_1_40' title='bbox 1171 373 1266 412; x_wconf 90' lang='lat' dir='ltr'><strong>hinc</strong></span> <span class='ocrx_word' id='word_1_41' title='bbox 1287 373 1358 412; x_wconf 91' lang='lat' dir='ltr'><strong>Cn.</strong></span> <span class='ocrx_word' id='word_1_42' title='bbox 1380 378 1424 412; x_wconf 86' lang='lat' dir='ltr'><strong>et</strong></span> <span class='ocrx_word' id='word_1_43' title='bbox 1451 373 1493 412; x_wconf 90' lang='lat' dir='ltr'><strong>P.</strong></span> 
     </span>
     <span class='ocr_line' id='line_1_11' title="bbox 309 433 1498 483; baseline -0.002 -9"><span class='ocrx_word' id='word_1_44' title='bbox 309 435 529 483; x_wconf 85' lang='lat' dir='ltr'><strong>Scipiones,</strong></span> <span class='ocrx_word' id='word_1_45' title='bbox 567 433 663 472; x_wconf 91' lang='lat' dir='ltr'><strong>hinc</strong></span> <span class='ocrx_word' id='word_1_46' title='bbox 702 433 758 471; x_wconf 91' lang='lat' dir='ltr'><strong>M.</strong></span> <span class='ocrx_word' id='word_1_47' title='bbox 796 433 1027 481; x_wconf 89' lang='lat' dir='ltr'><strong>Marcellus,</strong></span> <span class='ocrx_word' id='word_1_48' title='bbox 1064 433 1379 472; x_wconf 89' lang='lat' dir='ltr'><strong>innumerabiles</strong></span> <span class='ocrx_word' id='word_1_49' title='bbox 1417 433 1498 481; x_wconf 89' lang='lat' dir='ltr'><strong>alii,</strong></span> 
     </span>
     <span class='ocr_line' id='line_1_12' title="bbox 308 493 1498 542; baseline -0.001 -9"><span class='ocrx_word' id='word_1_50' title='bbox 308 497 563 542; x_wconf 87' lang='lat' dir='ltr'><strong>maximeque</strong></span> <span class='ocrx_word' id='word_1_51' title='bbox 592 497 678 542; x_wconf 89' lang='lat' dir='ltr'><strong>ipse</strong></span> <span class='ocrx_word' id='word_1_52' title='bbox 707 493 878 541; x_wconf 88' lang='lat' dir='ltr'><strong>populus</strong></span> <span class='ocrx_word' id='word_1_53' title='bbox 912 494 1112 533; x_wconf 89' lang='lat' dir='ltr'><strong>Romanus</strong></span> <span class='ocrx_word' id='word_1_54' title='bbox 1142 497 1267 532; x_wconf 91' lang='lat' dir='ltr'><strong>animi</strong></span> <span class='ocrx_word' id='word_1_55' title='bbox 1295 495 1498 541; x_wconf 86' lang='lat' dir='ltr'><strong>magnitu-</strong></span> 
     </span>
     <span class='ocr_line' id='line_1_13' title="bbox 310 553 1496 594; baseline -0.002 0"><span class='ocrx_word' id='word_1_56' title='bbox 310 555 406 594; x_wconf 89' lang='lat' dir='ltr'><strong>dine</strong></span> <span class='ocrx_word' id='word_1_57' title='bbox 438 554 613 593; x_wconf 88' lang='lat' dir='ltr'><strong>excellit.</strong></span> <span class='ocrx_word' id='word_1_58' title='bbox 675 553 914 592; x_wconf 77' lang='lat' dir='ltr'><strong>Declaratur</strong></span> <span class='ocrx_word' id='word_1_59' title='bbox 946 559 1088 592; x_wconf 83' lang='lat' dir='ltr'><strong>autem</strong></span> <span class='ocrx_word' id='word_1_60' title='bbox 1115 554 1296 593; x_wconf 88' lang='lat' dir='ltr'><strong>studium</strong></span> <span class='ocrx_word' id='word_1_61' title='bbox 1326 553 1496 593; x_wconf 83' lang='lat' dir='ltr'><strong>bellicae</strong></span> 
     </span>
     <span class='ocr_line' id='line_1_14' title="bbox 309 613 1498 663; baseline -0.001 -10"><span class='ocrx_word' id='word_1_62' title='bbox 309 616 474 663; x_wconf 87' lang='lat' dir='ltr'><strong>gloriae,</strong></span> <span class='ocrx_word' id='word_1_63' title='bbox 503 614 612 662; x_wconf 92' lang='lat' dir='ltr'><strong>quod</strong></span> <span class='ocrx_word' id='word_1_64' title='bbox 645 618 797 652; x_wconf 86' lang='lat' dir='ltr'><strong>statuas</strong></span> <span class='ocrx_word' id='word_1_65' title='bbox 830 627 990 661; x_wconf 90' lang='lat' dir='ltr'><strong>quoque</strong></span> <span class='ocrx_word' id='word_1_66' title='bbox 1019 614 1202 653; x_wconf 87' lang='lat' dir='ltr'><strong>videmus</strong></span> <span class='ocrx_word' id='word_1_67' title='bbox 1234 619 1379 653; x_wconf 81' lang='lat' dir='ltr'><strong>ornatu</strong></span> <span class='ocrx_word' id='word_1_68' title='bbox 1412 613 1498 653; x_wconf 88' lang='lat' dir='ltr'><strong>fere</strong></span> 
     </span>
     <span class='ocr_line' id='line_1_15' title="bbox 308 676 482 714; baseline -0.006 0"><span class='ocrx_word' id='word_1_69' title='bbox 308 676 482 714; x_wconf 90' lang='lat' dir='ltr'><strong>militari.</strong></span> 
     </span>
    </p>

    <p class='ocr_par' dir='ltr' id='par_1_6' title="bbox 310 734 1520 1323">
     <span class='ocr_line' id='line_1_16' title="bbox 364 734 1500 783; baseline -0.003 -8"><span class='ocrx_word' id='word_1_70' title='bbox 364 736 476 774; x_wconf 92' lang='lat' dir='ltr'><strong>XIX.</strong></span> <span class='ocrx_word' id='word_1_71' title='bbox 509 735 591 774; x_wconf 88' lang='lat' dir='ltr'><strong>Sed</strong></span> <span class='ocrx_word' id='word_1_72' title='bbox 604 748 651 774; x_wconf 93' lang='lat' dir='ltr'><strong>ea</strong></span> <span class='ocrx_word' id='word_1_73' title='bbox 662 737 786 773; x_wconf 90' lang='lat' dir='ltr'><strong>animi</strong></span> <span class='ocrx_word' id='word_1_74' title='bbox 799 734 933 782; x_wconf 91' lang='lat' dir='ltr'><strong>elatio,</strong></span> <span class='ocrx_word' id='word_1_75' title='bbox 947 748 1049 782; x_wconf 90' lang='lat' dir='ltr'><strong>quae</strong></span> <span class='ocrx_word' id='word_1_76' title='bbox 1063 738 1242 774; x_wconf 88' lang='lat' dir='ltr'><strong>cernitur</strong></span> <span class='ocrx_word' id='word_1_77' title='bbox 1255 737 1298 773; x_wconf 90' lang='lat' dir='ltr'><strong>in</strong></span> <span class='ocrx_word' id='word_1_78' title='bbox 1312 734 1500 783; x_wconf 88' lang='lat' dir='ltr'><strong>periculis</strong></span> 
     </span>
     <span class='ocr_line' id='line_1_17' title="bbox 310 794 1500 843; baseline -0.003 -8"><span class='ocrx_word' id='word_1_79' title='bbox 310 801 354 835; x_wconf 86' lang='lat' dir='ltr'><strong>et</strong></span> <span class='ocrx_word' id='word_1_80' title='bbox 366 796 581 843; x_wconf 85' lang='lat' dir='ltr'><strong>laboribus,</strong></span> <span class='ocrx_word' id='word_1_81' title='bbox 597 798 631 834; x_wconf 90' lang='lat' dir='ltr'><strong>si</strong></span> <span class='ocrx_word' id='word_1_82' title='bbox 644 797 798 833; x_wconf 88' lang='lat' dir='ltr'><strong>iustitia</strong></span> <span class='ocrx_word' id='word_1_83' title='bbox 812 800 928 833; x_wconf 88' lang='lat' dir='ltr'><strong>vacat</strong></span> <span class='ocrx_word' id='word_1_84' title='bbox 942 800 1179 843; x_wconf 83' lang='lat' dir='ltr'><strong>pugnatque</strong></span> <span class='ocrx_word' id='word_1_85' title='bbox 1191 809 1272 833; x_wconf 92' lang='lat' dir='ltr'><strong>non</strong></span> <span class='ocrx_word' id='word_1_86' title='bbox 1285 808 1358 843; x_wconf 91' lang='lat' dir='ltr'><strong>pro</strong></span> <span class='ocrx_word' id='word_1_87' title='bbox 1370 794 1500 833; x_wconf 80' lang='lat' dir='ltr'><strong>salute</strong></span> 
     </span>
     <span class='ocr_line' id='line_1_18' title="bbox 311 855 1498 903; baseline -0.003 -8"><span class='ocrx_word' id='word_1_88' title='bbox 311 859 526 903; x_wconf 90' lang='lat' dir='ltr'><strong>communi,</strong></span> <span class='ocrx_word' id='word_1_89' title='bbox 547 855 621 894; x_wconf 87' lang='lat' dir='ltr'><strong>sed</strong></span> <span class='ocrx_word' id='word_1_90' title='bbox 646 869 718 903; x_wconf 91' lang='lat' dir='ltr'><strong>pro</strong></span> <span class='ocrx_word' id='word_1_91' title='bbox 745 858 825 894; x_wconf 88' lang='lat' dir='ltr'><strong>suis</strong></span> <span class='ocrx_word' id='word_1_92' title='bbox 852 855 1084 903; x_wconf 88' lang='lat' dir='ltr'><strong>commodis,</strong></span> <span class='ocrx_word' id='word_1_93' title='bbox 1109 858 1151 893; x_wconf 93' lang='lat' dir='ltr'><strong>in</strong></span> <span class='ocrx_word' id='word_1_94' title='bbox 1177 858 1276 894; x_wconf 89' lang='lat' dir='ltr'><strong>vitio</strong></span> <span class='ocrx_word' id='word_1_95' title='bbox 1302 860 1386 901; x_wconf 84' lang='lat' dir='ltr'><strong>est3</strong></span> <span class='ocrx_word' id='word_1_96' title='bbox 1414 867 1498 893; x_wconf 90' lang='lat' dir='ltr'><strong>non</strong></span> 
     </span>
     <span class='ocr_line' id='line_1_19' title="bbox 310 915 1498 963; baseline -0.001 -8"><span class='ocrx_word' id='word_1_97' title='bbox 310 917 430 955; x_wconf 91' lang='lat' dir='ltr'><strong>modo</strong></span> <span class='ocrx_word' id='word_1_98' title='bbox 451 919 561 954; x_wconf 89' lang='lat' dir='ltr'><strong>enim</strong></span> <span class='ocrx_word' id='word_1_99' title='bbox 580 916 622 954; x_wconf 88' lang='lat' dir='ltr'><strong>id</strong></span> <span class='ocrx_word' id='word_1_100' title='bbox 642 918 802 953; x_wconf 90' lang='lat' dir='ltr'><strong>virtutis</strong></span> <span class='ocrx_word' id='word_1_101' title='bbox 822 928 905 953; x_wconf 93' lang='lat' dir='ltr'><strong>non</strong></span> <span class='ocrx_word' id='word_1_102' title='bbox 929 920 1004 962; x_wconf 86' lang='lat' dir='ltr'><strong>est,</strong></span> <span class='ocrx_word' id='word_1_103' title='bbox 1025 915 1097 953; x_wconf 90' lang='lat' dir='ltr'><strong>sed</strong></span> <span class='ocrx_word' id='word_1_104' title='bbox 1117 920 1181 954; x_wconf 83' lang='lat' dir='ltr'><strong>est</strong></span> <span class='ocrx_word' id='word_1_105' title='bbox 1199 918 1333 963; x_wconf 90' lang='lat' dir='ltr'><strong>potius</strong></span> <span class='ocrx_word' id='word_1_106' title='bbox 1358 917 1498 953; x_wconf 78' lang='lat' dir='ltr'><strong>imma-</strong></span> 
     </span>
     <span class='ocr_line' id='line_1_20' title="bbox 310 974 1498 1023; baseline -0.001 -8"><span class='ocrx_word' id='word_1_107' title='bbox 310 979 450 1015; x_wconf 74' lang='lat' dir='ltr'><strong>nitatis</strong></span> <span class='ocrx_word' id='word_1_108' title='bbox 489 989 652 1014; x_wconf 92' lang='lat' dir='ltr'><strong>omnem</strong></span> <span class='ocrx_word' id='word_1_109' title='bbox 696 975 994 1013; x_wconf 84' lang='lat' dir='ltr'><strong>humanitatem</strong></span> <span class='ocrx_word' id='word_1_110' title='bbox 1030 975 1279 1023; x_wconf 89' lang='lat' dir='ltr'><strong>repellentis.</strong></span> <span class='ocrx_word' id='word_1_111' title='bbox 1354 974 1498 1022; x_wconf 84' lang='lat' dir='ltr'><strong>Itaque</strong></span> 
     </span>
     <span class='ocr_line' id='line_1_21' title="bbox 311 1035 1497 1086; baseline -0.003 -10"><span class='ocrx_word' id='word_1_112' title='bbox 311 1038 436 1086; x_wconf 90' lang='lat' dir='ltr'><strong>probe</strong></span> <span class='ocrx_word' id='word_1_113' title='bbox 456 1036 649 1075; x_wconf 88' lang='lat' dir='ltr'><strong>definitur</strong></span> <span class='ocrx_word' id='word_1_114' title='bbox 668 1049 691 1073; x_wconf 90' lang='lat' dir='ltr'><strong>a</strong></span> <span class='ocrx_word' id='word_1_115' title='bbox 711 1035 855 1074; x_wconf 89' lang='lat' dir='ltr'><strong>Stoicis</strong></span> <span class='ocrx_word' id='word_1_116' title='bbox 870 1035 1080 1083; x_wconf 89' lang='lat' dir='ltr'><strong>fortitudo,</strong></span> <span class='ocrx_word' id='word_1_117' title='bbox 1093 1049 1186 1074; x_wconf 90' lang='lat' dir='ltr'><strong>cum</strong></span> <span class='ocrx_word' id='word_1_118' title='bbox 1201 1049 1291 1074; x_wconf 86' lang='lat' dir='ltr'><strong>eam</strong></span> <span class='ocrx_word' id='word_1_119' title='bbox 1305 1037 1497 1074; x_wconf 84' lang='lat' dir='ltr'><strong>virtutem</strong></span> 
     </span>
     <span class='ocr_line' id='line_1_22' title="bbox 312 1094 1520 1144; baseline -0.002 -7"><span class='ocrx_word' id='word_1_120' title='bbox 312 1111 399 1137; x_wconf 90' lang='lat' dir='ltr'><strong>esse</strong></span> <span class='ocrx_word' id='word_1_121' title='bbox 419 1097 563 1135; x_wconf 86' lang='lat' dir='ltr'><strong>dicunt</strong></span> <span class='ocrx_word' id='word_1_122' title='bbox 580 1100 907 1144; x_wconf 88' lang='lat' dir='ltr'><strong>propugnantem</strong></span> <span class='ocrx_word' id='word_1_123' title='bbox 933 1108 1006 1142; x_wconf 88' lang='lat' dir='ltr'><strong>pro</strong></span> <span class='ocrx_word' id='word_1_124' title='bbox 1024 1097 1241 1143; x_wconf 87' lang='lat' dir='ltr'><strong>aequitate.</strong></span> <span class='ocrx_word' id='word_1_125' title='bbox 1301 1094 1499 1143; x_wconf 77' lang='lat' dir='ltr'><strong>Quocirca</strong></span> <span class='ocrx_word' id='word_1_126' title='bbox 1516 1130 1520 1135; x_wconf 90' lang='lat'><strong>.</strong></span> 
     </span>
     <span class='ocr_line' id='line_1_23' title="bbox 311 1154 1499 1205; baseline -0.003 -8"><span class='ocrx_word' id='word_1_127' title='bbox 311 1171 445 1205; x_wconf 89' lang='lat' dir='ltr'><strong>nem0,</strong></span> <span class='ocrx_word' id='word_1_128' title='bbox 461 1159 530 1204; x_wconf 90' lang='lat' dir='ltr'><strong>qui</strong></span> <span class='ocrx_word' id='word_1_129' title='bbox 549 1155 798 1194; x_wconf 87' lang='lat' dir='ltr'><strong>fortitudinis</strong></span> <span class='ocrx_word' id='word_1_130' title='bbox 817 1155 986 1202; x_wconf 86' lang='lat' dir='ltr'><strong>gloriam</strong></span> <span class='ocrx_word' id='word_1_131' title='bbox 1005 1160 1244 1194; x_wconf 88' lang='lat' dir='ltr'><strong>consecutus</strong></span> <span class='ocrx_word' id='word_1_132' title='bbox 1264 1160 1328 1194; x_wconf 83' lang='lat' dir='ltr'><strong>est</strong></span> <span class='ocrx_word' id='word_1_133' title='bbox 1345 1154 1499 1194; x_wconf 78' lang='lat' dir='ltr'><strong>insidiis</strong></span> 
     </span>
     <span class='ocr_line' id='line_1_24' title="bbox 313 1207 1499 1263; baseline -0.003 -6"><span class='ocrx_word' id='word_1_134' title='bbox 313 1224 356 1257; x_wconf 87' lang='lat' dir='ltr'><strong>et</strong></span> <span class='ocrx_word' id='word_1_135' title='bbox 382 1217 548 1263; x_wconf 86' lang='lat' dir='ltr'><strong>malitia,</strong></span> <span class='ocrx_word' id='word_1_136' title='bbox 572 1216 735 1254; x_wconf 91' lang='lat' dir='ltr'><strong>laudem</strong></span> <span class='ocrx_word' id='word_1_137' title='bbox 763 1220 826 1254; x_wconf 91' lang='lat' dir='ltr'><strong>est</strong></span> <span class='ocrx_word' id='word_1_138' title='bbox 855 1214 1048 1263; x_wconf 84' lang='lat' dir='ltr'><strong>adeptus;</strong></span> <span class='ocrx_word' id='word_1_139' title='bbox 1076 1215 1179 1253; x_wconf 89' lang='lat' dir='ltr'><strong>nihil</strong></span> <span class='ocrx_word' id='word_1_140' title='bbox 1210 1207 1345 1254; x_wconf 79' lang='lat' dir='ltr'><strong>enim²</strong></span> <span class='ocrx_word' id='word_1_141' title='bbox 1373 1214 1499 1254; x_wconf 88' lang='lat' dir='ltr'><strong>hone-</strong></span> 
     </span>
     <span class='ocr_line' id='line_1_25' title="bbox 313 1275 1142 1323; baseline -0.005 -6"><span class='ocrx_word' id='word_1_142' title='bbox 313 1283 421 1317; x_wconf 85' lang='lat' dir='ltr'><strong>stum</strong></span> <span class='ocrx_word' id='word_1_143' title='bbox 441 1289 528 1315; x_wconf 91' lang='lat' dir='ltr'><strong>esse</strong></span> <span class='ocrx_word' id='word_1_144' title='bbox 548 1281 696 1323; x_wconf 88' lang='lat' dir='ltr'><strong>potest,</strong></span> <span class='ocrx_word' id='word_1_145' title='bbox 717 1275 825 1322; x_wconf 92' lang='lat' dir='ltr'><strong>quod</strong></span> <span class='ocrx_word' id='word_1_146' title='bbox 845 1278 998 1313; x_wconf 88' lang='lat' dir='ltr'><strong>iustitia</strong></span> <span class='ocrx_word' id='word_1_147' title='bbox 1017 1280 1142 1314; x_wconf 84' lang='lat' dir='ltr'><strong>vacat.</strong></span> 
     </span>
    </p>

    <p class='ocr_par' dir='ltr' id='par_1_7' title="bbox 315 1325 1502 1867">
     <span class='ocr_line' id='line_1_26' title="bbox 372 1325 1501 1384; baseline 0 -9"><span class='ocrx_word' id='word_1_148' title='bbox 372 1337 625 1376; x_wconf 89' lang='lat' dir='ltr'><strong>Praeclarum</strong></span> <span class='ocrx_word' id='word_1_149' title='bbox 653 1338 778 1382; x_wconf 87' lang='lat' dir='ltr'><strong>igitur</strong></span> <span class='ocrx_word' id='word_1_150' title='bbox 806 1335 907 1373; x_wconf 90' lang='lat' dir='ltr'><strong>illud</strong></span> <span class='ocrx_word' id='word_1_151' title='bbox 938 1335 1136 1373; x_wconf 86' lang='lat' dir='ltr'><strong>Platonis:</strong></span> <span class='ocrx_word' id='word_1_152' title='bbox 1167 1325 1334 1383; x_wconf 87' lang='lat' dir='ltr'><strong>“Non‚”</strong></span> <span class='ocrx_word' id='word_1_153' title='bbox 1355 1338 1501 1384; x_wconf 79' lang='lat' dir='ltr'><strong>inquit,</strong></span> 
     </span>
     <span class='ocr_line' id='line_1_27' title="bbox 317 1389 1502 1443; baseline -0.002 -7"><span class='ocrx_word' id='word_1_154' title='bbox 317 1389 480 1437; x_wconf 85' lang='lat' dir='ltr'><strong>“solum</strong></span> <span class='ocrx_word' id='word_1_155' title='bbox 500 1399 681 1443; x_wconf 90' lang='lat' dir='ltr'><strong>scientia,</strong></span> <span class='ocrx_word' id='word_1_156' title='bbox 702 1409 805 1443; x_wconf 88' lang='lat' dir='ltr'><strong>quae</strong></span> <span class='ocrx_word' id='word_1_157' title='bbox 825 1400 888 1434; x_wconf 89' lang='lat' dir='ltr'><strong>est</strong></span> <span class='ocrx_word' id='word_1_158' title='bbox 911 1400 1067 1434; x_wconf 85' lang='lat' dir='ltr'><strong>remota</strong></span> <span class='ocrx_word' id='word_1_159' title='bbox 1091 1395 1143 1433; x_wconf 85' lang='lat' dir='ltr'><strong>ab</strong></span> <span class='ocrx_word' id='word_1_160' title='bbox 1161 1397 1328 1443; x_wconf 86' lang='lat' dir='ltr'><strong>iustitia,</strong></span> <span class='ocrx_word' id='word_1_161' title='bbox 1348 1395 1502 1435; x_wconf 85' lang='lat' dir='ltr'><strong>callidi-</strong></span> 
     </span>
     <span class='ocr_line' id='line_1_28' title="bbox 315 1455 1501 1506; baseline -0.002 -9"><span class='ocrx_word' id='word_1_162' title='bbox 315 1464 378 1497; x_wconf 88' lang='lat' dir='ltr'><strong>tas</strong></span> <span class='ocrx_word' id='word_1_163' title='bbox 416 1460 550 1506; x_wconf 90' lang='lat' dir='ltr'><strong>potius</strong></span> <span class='ocrx_word' id='word_1_164' title='bbox 588 1470 708 1504; x_wconf 87' lang='lat' dir='ltr'><strong>quam</strong></span> <span class='ocrx_word' id='word_1_165' title='bbox 746 1458 944 1503; x_wconf 86' lang='lat' dir='ltr'><strong>sapientia</strong></span> <span class='ocrx_word' id='word_1_166' title='bbox 982 1460 1046 1494; x_wconf 88' lang='lat' dir='ltr'><strong>est</strong></span> <span class='ocrx_word' id='word_1_167' title='bbox 1077 1455 1332 1504; x_wconf 85' lang='lat' dir='ltr'><strong>appellanda,</strong></span> <span class='ocrx_word' id='word_1_168' title='bbox 1362 1469 1501 1495; x_wconf 87' lang='lat' dir='ltr'><strong>verum</strong></span> 
     </span>
     <span class='ocr_line' id='line_1_29' title="bbox 315 1515 1502 1564; baseline -0.002 -7"><span class='ocrx_word' id='word_1_169' title='bbox 315 1522 438 1557; x_wconf 84' lang='lat' dir='ltr'><strong>etiam</strong></span> <span class='ocrx_word' id='word_1_170' title='bbox 453 1520 610 1555; x_wconf 90' lang='lat' dir='ltr'><strong>animus</strong></span> <span class='ocrx_word' id='word_1_171' title='bbox 630 1521 792 1564; x_wconf 85' lang='lat' dir='ltr'><strong>paratus</strong></span> <span class='ocrx_word' id='word_1_172' title='bbox 811 1515 863 1554; x_wconf 89' lang='lat' dir='ltr'><strong>ad</strong></span> <span class='ocrx_word' id='word_1_173' title='bbox 878 1515 1116 1564; x_wconf 83' lang='lat' dir='ltr'><strong>periculum,</strong></span> <span class='ocrx_word' id='word_1_174' title='bbox 1131 1518 1164 1554; x_wconf 93' lang='lat' dir='ltr'><strong>si</strong></span> <span class='ocrx_word' id='word_1_175' title='bbox 1179 1529 1250 1554; x_wconf 88' lang='lat' dir='ltr'><strong>sua</strong></span> <span class='ocrx_word' id='word_1_176' title='bbox 1264 1515 1502 1564; x_wconf 81' lang='lat' dir='ltr'><strong>cupiditate,</strong></span> 
     </span>
     <span class='ocr_line' id='line_1_30' title="bbox 315 1575 1502 1624; baseline -0.001 -7"><span class='ocrx_word' id='word_1_177' title='bbox 315 1593 397 1617; x_wconf 92' lang='lat' dir='ltr'><strong>non</strong></span> <span class='ocrx_word' id='word_1_178' title='bbox 431 1578 610 1616; x_wconf 89' lang='lat' dir='ltr'><strong>utilitate</strong></span> <span class='ocrx_word' id='word_1_179' title='bbox 644 1578 847 1614; x_wconf 89' lang='lat' dir='ltr'><strong>communi</strong></span> <span class='ocrx_word' id='word_1_180' title='bbox 880 1575 1115 1623; x_wconf 89' lang='lat' dir='ltr'><strong>impellitur,</strong></span> <span class='ocrx_word' id='word_1_181' title='bbox 1144 1575 1335 1614; x_wconf 85' lang='lat' dir='ltr'><strong>audaciae</strong></span> <span class='ocrx_word' id='word_1_182' title='bbox 1367 1579 1502 1624; x_wconf 86' lang='lat' dir='ltr'><strong>potius</strong></span> 
     </span>
     <span class='ocr_line' id='line_1_31' title="bbox 316 1635 1500 1684; baseline -0.003 -7"><span class='ocrx_word' id='word_1_183' title='bbox 316 1652 465 1677; x_wconf 92' lang='lat' dir='ltr'><strong>nomen</strong></span> <span class='ocrx_word' id='word_1_184' title='bbox 486 1638 634 1676; x_wconf 86' lang='lat' dir='ltr'><strong>habeat</strong></span> <span class='ocrx_word' id='word_1_185' title='bbox 654 1650 774 1684; x_wconf 91' lang='lat' dir='ltr'><strong>quam</strong></span> <span class='ocrx_word' id='word_1_186' title='bbox 794 1635 1082 1674; x_wconf 88' lang='lat' dir='ltr'><strong>fortitudinis.’&#39;</strong></span> <span class='ocrx_word' id='word_1_187' title='bbox 1135 1635 1277 1683; x_wconf 88' lang='lat' dir='ltr'><strong>Itaque</strong></span> <span class='ocrx_word' id='word_1_188' title='bbox 1298 1639 1401 1675; x_wconf 87' lang='lat' dir='ltr'><strong>viros</strong></span> <span class='ocrx_word' id='word_1_189' title='bbox 1420 1635 1500 1675; x_wconf 82' lang='lat' dir='ltr'><strong>for-</strong></span> 
     </span>
     <span class='ocr_line' id='line_1_32' title="bbox 315 1692 1501 1744; baseline -0.003 -6"><span class='ocrx_word' id='word_1_190' title='bbox 315 1705 378 1738; x_wconf 85' lang='lat' dir='ltr'><strong>tes</strong></span> <span class='ocrx_word' id='word_1_191' title='bbox 417 1692 483 1737; x_wconf 83' lang='lat' dir='ltr'><strong>et3</strong></span> <span class='ocrx_word' id='word_1_192' title='bbox 522 1699 799 1744; x_wconf 86' lang='lat' dir='ltr'><strong>magnanimos</strong></span> <span class='ocrx_word' id='word_1_193' title='bbox 839 1696 1003 1734; x_wconf 90' lang='lat' dir='ltr'><strong>eosdem</strong></span> <span class='ocrx_word' id='word_1_194' title='bbox 1042 1697 1167 1734; x_wconf 92' lang='lat' dir='ltr'><strong>bonos</strong></span> <span class='ocrx_word' id='word_1_195' title='bbox 1206 1701 1250 1734; x_wconf 89' lang='lat' dir='ltr'><strong>et</strong></span> <span class='ocrx_word' id='word_1_196' title='bbox 1287 1695 1501 1744; x_wconf 84' lang='lat' dir='ltr'><strong>simplices,</strong></span> 
     </span>
     <span class='ocr_line' id='line_1_33' title="bbox 316 1755 1501 1806; baseline -0.003 -8"><span class='ocrx_word' id='word_1_197' title='bbox 316 1761 497 1798; x_wconf 83' lang='lat' dir='ltr'><strong>veritatis</strong></span> <span class='ocrx_word' id='word_1_198' title='bbox 527 1760 674 1795; x_wconf 88' lang='lat' dir='ltr'><strong>amicos</strong></span> <span class='ocrx_word' id='word_1_199' title='bbox 705 1758 953 1803; x_wconf 91' lang='lat' dir='ltr'><strong>minimeque</strong></span> <span class='ocrx_word' id='word_1_200' title='bbox 984 1755 1148 1795; x_wconf 88' lang='lat' dir='ltr'><strong>fallaces</strong></span> <span class='ocrx_word' id='word_1_201' title='bbox 1179 1769 1266 1795; x_wconf 92' lang='lat' dir='ltr'><strong>esse</strong></span> <span class='ocrx_word' id='word_1_202' title='bbox 1297 1756 1501 1806; x_wconf 88' lang='lat' dir='ltr'><strong>volumus;</strong></span> 
     </span>
     <span class='ocr_line' id='line_1_34' title="bbox 316 1815 1106 1867; baseline -0.004 -10"><span class='ocrx_word' id='word_1_203' title='bbox 316 1832 418 1867; x_wconf 89' lang='lat' dir='ltr'><strong>quae</strong></span> <span class='ocrx_word' id='word_1_204' title='bbox 438 1823 534 1856; x_wconf 91' lang='lat' dir='ltr'><strong>sunt</strong></span> <span class='ocrx_word' id='word_1_205' title='bbox 554 1831 603 1855; x_wconf 91' lang='lat' dir='ltr'><strong>ex</strong></span> <span class='ocrx_word' id='word_1_206' title='bbox 623 1816 759 1854; x_wconf 89' lang='lat' dir='ltr'><strong>media</strong></span> <span class='ocrx_word' id='word_1_207' title='bbox 777 1815 897 1854; x_wconf 91' lang='lat' dir='ltr'><strong>laude</strong></span> <span class='ocrx_word' id='word_1_208' title='bbox 917 1818 1106 1854; x_wconf 84' lang='lat' dir='ltr'><strong>iustitiae.</strong></span> 
     </span>
    </p>
   </div>
   <div class='ocr_carea' id='block_1_5' title="bbox 372 1913 1501 1956">
    <p class='ocr_par' dir='ltr' id='par_1_8' title="bbox 372 1913 1501 1956">
     <span class='ocr_line' id='line_1_35' title="bbox 372 1913 1501 1956; baseline -0.002 -6"><span class='ocrx_word' id='word_1_209' title='bbox 372 1917 383 1938; x_wconf 85' lang='lat'>¹</span> <span class='ocrx_word' id='word_1_210' title='bbox 396 1917 568 1954; x_wconf 76' lang='lat' dir='ltr'><strong>Leuctris,</strong></span> <span class='ocrx_word' id='word_1_211' title='bbox 586 1915 672 1948; x_wconf 80' lang='lat' dir='ltr'><strong>hinc</strong></span> <span class='ocrx_word' id='word_1_212' title='bbox 693 1917 811 1947; x_wconf 86' lang='lat' dir='ltr'><strong>noster</strong></span> <span class='ocrx_word' id='word_1_213' title='bbox 826 1914 939 1947; x_wconf 82' lang='lat' dir='ltr'><strong>Cocles</strong></span> <span class='ocrx_word' id='word_1_214' title='bbox 956 1913 1132 1956; x_wconf 82' lang='lat' dir='ltr'><strong>Baldwin,</strong></span> <span class='ocrx_word' id='word_1_215' title='bbox 1152 1914 1243 1947; x_wconf 87' lang='lat' dir='ltr'><strong>Edd.</strong></span> <span class='ocrx_word' id='word_1_216' title='bbox 1253 1926 1262 1954; x_wconf 84' lang='lat'>;</span> <span class='ocrx_word' id='word_1_217' title='bbox 1279 1914 1405 1947; x_wconf 81' lang='lat' dir='ltr'><strong>Ieutris</strong></span> <span class='ocrx_word' id='word_1_218' title='bbox 1418 1917 1501 1948; x_wconf 78' lang='lat' dir='ltr'><strong>ster-</strong></span> 
     </span>
    </p>
   </div>
   <div class='ocr_carea' id='block_1_6' title="bbox 328 1958 1429 2089">
    <p class='ocr_par' dir='ltr' id='par_1_9' title="bbox 328 1958 1429 2089">
     <span class='ocr_line' id='line_1_36' title="bbox 328 1958 1429 1998; baseline -0.003 -3"><span class='ocrx_word' id='word_1_219' title='bbox 328 1963 432 1995; x_wconf 81' lang='lat' dir='ltr'><strong>cocles</strong></span> <span class='ocrx_word' id='word_1_220' title='bbox 447 1961 479 1993; x_wconf 88' lang='lat' dir='ltr'><strong>A</strong></span> <span class='ocrx_word' id='word_1_221' title='bbox 494 1961 520 1992; x_wconf 92' lang='lat' dir='ltr'>B</span> <span class='ocrx_word' id='word_1_222' title='bbox 537 1961 569 1992; x_wconf 88' lang='lat' dir='ltr'><em>H</em></span> <span class='ocrx_word' id='word_1_223' title='bbox 588 1971 611 1991; x_wconf 87' lang='lat' dir='ltr'><strong>a</strong></span> <span class='ocrx_word' id='word_1_224' title='bbox 628 1959 669 1998; x_wconf 83' lang='lat' dir='ltr'><strong>b;</strong></span> <span class='ocrx_word' id='word_1_225' title='bbox 687 1959 868 1991; x_wconf 82' lang='lat' dir='ltr'><strong>leutrister</strong></span> <span class='ocrx_word' id='word_1_226' title='bbox 881 1958 1003 1990; x_wconf 77' lang='lat' dir='ltr'><strong>chodes</strong></span> <span class='ocrx_word' id='word_1_227' title='bbox 1014 1968 1051 1996; x_wconf 73' lang='grc' dir='ltr'><strong>ος</strong></span> <span class='ocrx_word' id='word_1_228' title='bbox 1068 1958 1194 1990; x_wconf 81' lang='lat' dir='ltr'><strong>leutris</strong></span> <span class='ocrx_word' id='word_1_229' title='bbox 1207 1959 1374 1991; x_wconf 82' lang='lat' dir='ltr'><strong>stercodes</strong></span> <span class='ocrx_word' id='word_1_230' title='bbox 1390 1959 1429 1992; x_wconf 88' lang='lat' dir='ltr'><strong>L.</strong></span> 
     </span>
     <span class='ocr_line' id='line_1_37' title="bbox 359 2000 1163 2042; baseline -0.004 -4"><span class='ocrx_word' id='word_1_231' title='bbox 359 2006 478 2038; x_wconf 74' lang='lat' dir='ltr'><strong>‘²enim</strong></span> <span class='ocrx_word' id='word_1_232' title='bbox 496 2005 526 2036; x_wconf 86' lang='lat' dir='ltr'><strong>A</strong></span> <span class='ocrx_word' id='word_1_233' title='bbox 540 2004 583 2042; x_wconf 84' lang='lat' dir='ltr'><strong>C,</strong></span> <span class='ocrx_word' id='word_1_234' title='bbox 603 2003 713 2041; x_wconf 84' lang='lat' dir='ltr'><strong>Edd.;</strong></span> <span class='ocrx_word' id='word_1_235' title='bbox 727 2006 788 2034; x_wconf 79' lang='lat' dir='ltr'><strong>not</strong></span> <span class='ocrx_word' id='word_1_236' title='bbox 806 2003 838 2034; x_wconf 86' lang='lat' dir='ltr'><strong>in</strong></span> <span class='ocrx_word' id='word_1_237' title='bbox 857 2003 887 2033; x_wconf 86' lang='lat' dir='ltr'>A</span> <span class='ocrx_word' id='word_1_238' title='bbox 902 2002 930 2034; x_wconf 92' lang='grc' dir='ltr'>Β</span> <span class='ocrx_word' id='word_1_239' title='bbox 945 2002 979 2034; x_wconf 91' lang='lat' dir='ltr'><strong>H</strong></span> <span class='ocrx_word' id='word_1_240' title='bbox 996 2002 1023 2033; x_wconf 91' lang='lat' dir='ltr'>L</span> <span class='ocrx_word' id='word_1_241' title='bbox 1039 2002 1074 2041; x_wconf 94' lang='lat' dir='ltr'><strong>b,</strong></span> <span class='ocrx_word' id='word_1_242' title='bbox 1095 2000 1163 2035; x_wconf 77' lang='lat' dir='ltr'><strong>Bt².</strong></span> 
     </span>
     <span class='ocr_line' id='line_1_38' title="bbox 359 2045 1030 2089; baseline -0.007 -7"><span class='ocrx_word' id='word_1_243' title='bbox 359 2049 420 2082; x_wconf 79' lang='lat' dir='ltr'><strong>³et</strong></span> <span class='ocrx_word' id='word_1_244' title='bbox 434 2060 468 2085; x_wconf 75' lang='lat' dir='ltr'><strong>a.</strong></span> <span class='ocrx_word' id='word_1_245' title='bbox 490 2048 597 2084; x_wconf 84' lang='lat' dir='ltr'><strong>Edd.;</strong></span> <span class='ocrx_word' id='word_1_246' title='bbox 612 2051 673 2079; x_wconf 88' lang='lat' dir='ltr'><strong>not</strong></span> <span class='ocrx_word' id='word_1_247' title='bbox 690 2047 725 2078; x_wconf 86' lang='lat' dir='ltr'><strong>in</strong></span> <span class='ocrx_word' id='word_1_248' title='bbox 744 2046 861 2078; x_wconf 89' lang='lat' dir='ltr'><strong>ABH</strong></span> <span class='ocrx_word' id='word_1_249' title='bbox 878 2046 905 2077; x_wconf 93' lang='lat' dir='ltr'>L</span> <span class='ocrx_word' id='word_1_250' title='bbox 922 2045 944 2077; x_wconf 93' lang='lat' dir='ltr'><strong>b</strong></span> <span class='ocrx_word' id='word_1_251' title='bbox 961 2056 980 2078; x_wconf 93' lang='lat' dir='ltr'><strong>c</strong></span> <span class='ocrx_word' id='word_1_252' title='bbox 996 2057 1030 2089; x_wconf 85' lang='lat' dir='ltr'><strong>p.</strong></span> 
     </span>
    </p>
   </div>
   <div class='ocr_carea' id='block_1_7' title="bbox 425 2099 476 2138">
    <p class='ocr_par' dir='ltr' id='par_1_10' title="bbox 425 2099 476 2138">
     <span class='ocr_line' id='line_1_39' title="bbox 425 2099 476 2138; baseline 0.039 -2"><span class='ocrx_word' id='word_1_253' title='bbox 425 2099 476 2138; x_wconf 79' lang='lat'><strong>64</strong></span> 
     </span>
    </p>
   </div>
  </div>
 </body>
</html>
