1442 2326
561 61 950 102 BIBLIOGRAPH
959 63 991 101 Y

291 143 551 184 scholiastae.
585 144 626 182 C.
646 144 703 182 M.
722 144 967 191 Victorinus,
986 144 1165 193 Rufinus,
1181 145 1222 184 C.
1238 145 1372 186 Julius

293 200 446 247 Victor,
472 199 683 247 Boethius,
714 200 913 239 Favonius
939 200 1147 249 Eulogius,
1174 201 1373 240 Asconius

294 255 507 302 Pedianus,
529 255 691 295 Scholia
716 255 944 304 Bobiensia‚
966 256 1191 296 Scholiasta
1219 258 1373 296 Grono-

294 315 446 358 vianus,
468 312 699 350 Ediderunt
717 312 756 352 J.
776 312 817 350 C.
837 312 1015 351 Orellius
1036 317 1079 351 et
1098 314 1136 353 J.
1157 313 1206 352 G.
1225 313 1371 352 Baiter.

294 368 442 415 Turici,
478 360 688 414 1826-38).
730 368 805 407 Ed.
842 373 877 406 2.
916 369 1031 416 Opus
1063 374 1196 408 morte
1231 369 1376 408 Orellii

294 427 569 518 interrgptum
581 426 732 462 contin.
747 425 786 464 J.
799 425 846 463 G.
860 424 1046 463 Baiterus
1057 430 1102 463 et
1114 425 1156 463 C.
1173 425 1375 473 Halmius,

298 484 422 518 1845-
454 484 489 517 2.

185 535 349 574 Pearce:
377 536 432 574 M.
457 536 660 574 Ciceronis
687 535 740 574 de
768 536 919 574 Officiis
949 536 1002 574 ad
1034 537 1217 575 Marcum
1248 536 1376 575 filium

297 592 389 630 libri
420 597 514 630 tres.
589 591 708 629 Notis
735 591 953 630 illustravit
980 597 1023 630 et
1043 621 1052 630 .
1075 621 1085 630 .
1108 621 1118 631 .
1141 592 1375 631 emendavit

297 648 337 686 Z.
361 648 520 686 Pearce.
582 647 771 694 Londini,
797 650 913 689 1745.

186 703 457 751 Stuerenburg:
480 704 537 742 M.
560 703 683 741 Tullii
703 703 908 742 Ciceronis
933 703 1165 743 de10fficiis
1183 703 1276 742 libri
1297 703 1373 742 III.

299 760 518 798 Recensuit
539 759 583 798 R.
607 759 897 807 Stuerenburg.
930 759 1104 798 Accedit
1119 760 1376 798 Commenta-

296 819 388 854 rius.
449 816 622 863 Lipsiae,
647 819 763 854 1843.

192 871 342 918 Unger:
383 871 439 909 M.
481 871 604 910 Tullii
643 872 846 910 Ciceronis
883 871 936 909 de
975 871 1126 910 Officiis
1164 871 1256 909 libri
1296 871 1373 910 III.

269 928 434 966 Erklart
453 941 489 966 v.
512 928 560 966 G.
584 928 626 965 F.
652 928 803 974 Unger.
865 927 1046 974 Leipzig,
1070 932 1186 965 1852.

192 983 386 1030 Victorius,
418 983 462 1021 P.
477 998 490 1021 .-
532 984 587 1021 M.
622 983 745 1022 Tullii
779 983 982 1021 Ciceronis
1020 995 1155 1030 opera,
1193 986 1374 1021 omnium

296 1053 399 1086 quae
419 1039 616 1078 hactenus
637 1053 783 1078 excusa
807 1044 902 1077 sunt
925 1041 1244 1085 castigatissima,
1264 1051 1373 1076 nunc

296 1098 470 1143 primum
508 1098 552 1133 in
593 1095 727 1134 lucem
773 1095 893 1133 edita.
954 1099 979 1132 4·
1019 1100 1116 1132 tom.
1178 1095 1376 1141 VenetiiS,

301 1150 565 1190 1532-34-36.

188 1207 344 1254 Zumpt.-
374 1207 429 1244 M.
454 1207 577 1244 Tullii
603 1207 806 1244 Ciceronis
826 1206 878 1244 de
900 1206 1050 1244 Officiis
1070 1205 1162 1243 libri
1181 1210 1264 1243 tres
1284 1218 1377 1243 cum

297 1263 459 1301 selectis
490 1263 529 1302 J.
553 1263 609 1300 M.
637 1267 681 1300 et
703 1262 742 1301 J.
766 1261 807 1299 F.
833 1262 1185 1308 Heusingerorum
1216 1263 1377 1308 suisque

296 1321 414 1356 notis.
477 1318 714 1357 Scholarum
740 1321 783 1354 in
811 1331 927 1355 usum
954 1320 1103 1355 iterum
1131 1316 1262 1355 edidit
1287 1317 1374 1355 Car.

297 1374 400 1412 Tim.
425 1374 646 1421 Zumptius.
707 1373 969 1419 Brunsvigae,
993 1375 1110 1415 1849.
