1546 2294
582 101 783 141 CICERO
813 101 890 140 DE
919 100 1157 141 OFFICIIS

289 185 532 225 cohortandi
573 187 704 232 gratia
742 186 994 231 scripsimus3
1042 196 1151 221 nunc
1189 182 1241 222 ad
1287 182 1483 230 reliquam

289 264 447 308 partem
468 261 696 307 propositae
717 257 923 295 divisionis
942 262 1205 295 revertamur.

346 332 564 370 Panaetius
593 333 732 378 igitur,
758 332 828 378 qui
855 332 942 368 sine
972 332 1244 368 controversia
1270 328 1322 368 de
1349 328 1486 368 officiis

288 407 587 443 accuratissime
620 403 856 451 disputavit,
889 415 1093 450 quemque
1125 415 1199 441 nos
1233 404 1484 440 correctione

288 477 463 525 quadam
501 476 686 515 adhibita
719 477 974 523 potissimum
1008 477 1137 513 secuti
1171 487 1322 522 sumus,
1355 474 1485 513 tribus

289 550 508 598 generibus
528 551 757 597 propositis,
777 550 820 586 in
840 548 986 595 quibus
1000 547 1227 586 deliberare
1242 546 1427 598 homines
1442 551 1486 586 et

290 623 519 662 consultare
545 622 597 661 de
621 622 750 660 officio
776 620 970 669 solerent,
995 633 1091 668 un0,
1117 633 1210 659 cum
1235 619 1486 666 dubitarent,

290 697 563 735 honestumne
595 695 637 733 id
672 699 794 741 esset,
828 693 881 733 de
915 706 996 741 quo
1029 698 1234 741 ageretur,
1267 706 1319 730 an
1353 697 1486 740 turpe,

290 770 433 816 altero,
466 768 622 806 utilene
655 771 763 805 esset
793 780 846 805 an
877 765 1037 814 inutile,
1068 768 1206 813 tertio,
1233 767 1266 804 si
1295 765 1350 812 id,
1380 764 1487 812 quod

292 845 471 891 speciem
506 841 679 879 haberet
712 839 888 887 honesti,
920 843 1124 887 pugnaret
1157 851 1249 877 cum
1283 851 1346 886 eo,
1380 837 1488 885 quod

292 916 394 955 utile
415 914 636 961 videretur,
657 926 737 960 quo
763 912 885 951 modo
911 925 960 950 ea
986 911 1161 950 discerni
1187 915 1409 959 oporteret,
1436 909 1489 948 de

292 989 450 1028 duobus
477 971 862 1034 generibus'primis
886 985 1016 1023 tribus
1039 984 1152 1023 libris
1179 983 1410 1031 explicavit,
1433 982 1486 1022 de

291 1065 414 1102 tertio
428 1066 568 1099 autem
582 1072 736 1107 genere
752 1058 947 1106 deinceps
959 1070 1002 1096 se
1015 1059 1175 1105 scripsit
1189 1055 1393 1095 dicturum
1408 1069 1485 1094 nec

291 1134 464 1174 exsolvit
483 1132 538 1180 id,
551 1131 660 1179 quod
680 1133 930 1179 promiserat.
991 1129 1112 1177 Quod
1133 1142 1182 1168 eo
1201 1130 1329 1176 magis
1347 1130 1482 1175 miror,

291 1210 386 1256 quia
405 1209 602 1253 scriptum
622 1218 645 1242 a
665 1203 863 1251 discipulo
884 1205 970 1241 eius
999 1201 1214 1240 Posidonio
1233 1206 1297 1240 est
1314 1203 1484 1248 triginta

292 1282 408 1319 annis
447 1281 592 1316 vixisse
635 1277 886 1323 Panaetium,
927 1280 1190 1323 posteaquam
1227 1273 1319 1313 illos
1364 1273 1487 1312 libros

293 1352 500 1392 edidisset.
561 1349 696 1397 Quem
717 1348 851 1386 locum
871 1350 994 1385 miror
1019 1360 1043 1384 a
1071 1345 1286 1384 Posidonio
1310 1345 1489 1384 breviter

291 1438 379 1465 esse
399 1428 556 1463 tactum
575 1425 618 1460 in
645 1419 887 1468 quibusdam
914 1421 1228 1465 commentariis,
1249 1419 1486 1465 praesertim

290 1510 383 1537 cum
407 1495 556 1535 scribat
582 1493 740 1532 nullum
772 1503 860 1530 esse
890 1491 1024 1529 locum
1051 1492 1093 1528 in
1119 1494 1206 1528 tota
1233 1487 1486 1536 philosophia

290 1572 373 1604 tam
394 1564 675 1602 necessarium.

348 1633 519 1670 Minime
541 1642 636 1667 vero
655 1630 854 1666 assentior
877 1629 938 1673 iis,
959 1628 1027 1673 qui
1051 1629 1207 1672 negant
1229 1637 1323 1662 eum
1350 1623 1483 1662 locum

288 1715 312 1739 a
332 1700 526 1738 Panaetio
546 1698 888 1744 praetermissum,
906 1693 978 1732 sed
992 1691 1177 1731 consulto
1191 1691 1392 1738 relictum,
1407 1704 1485 1729 nec

290 1770 456 1807 omnino
491 1764 751 1804 scribendum
787 1762 923 1808 fuisse,
958 1763 1053 1808 quia
1090 1772 1311 1806 numquam
1349 1764 1486 1806 posset

287 1835 442 1875 utilitas
473 1846 566 1872 cum
598 1831 814 1870 honestate
847 1841 1040 1877 pugnare.
1102 1827 1167 1865 De
1198 1839 1278 1874 quo
1308 1825 1482 1864 alterum

286 1907 423 1952 potest
457 1901 607 1939 habere
642 1899 954 1943 dubitationem,
989 1893 1322 1934 adhibendumne
1357 1892 1480 1932 fuerit

285 1972 360 2010 hoc
378 1982 523 2017 genus,
542 1967 650 2015 quod
671 1969 713 2004 in
733 1966 930 2004 divisione
953 1964 1119 2001 Panaeti
1139 1963 1306 2000 tertium
1328 1965 1404 2006 est,
1422 1973 1475 1998 an

283 2039 402 2088 plane
421 2035 708 2133 016nittendum,
722 2033 896 2073 alterum
909 2031 1085 2071 dubitari
1101 2042 1184 2071 non
1204 2033 1352 2080 potest,
1373 2030 1471 2079 quin

393 2096 442 2132 27
