1546 2294
622 98 822 137 CICERO
853 98 930 136 DE
958 99 1196 139 OFFICIIS

183 183 376 245 giffissshoen·
410 177 515 216 Nam
535 180 568 216 si
588 178 819 216 violandum
841 185 904 218 est
923 181 997 227 ius,
1019 180 1218 227 regnandi
1235 186 1367 228 gratia

271 239 288 244 ”
409 242 653 280 Violandum
673 248 759 288 est;
789 242 877 281 aliis
895 244 1016 282 rebus
1035 246 1234 291 pietatem
1253 244 1370 285 colas.

327 314 520 362 Capitalis
560 306 767 361 [Eteocles
802 315 867 354 vel
902 319 1037 363 potius
1077 308 1341 364 Euripides]‚¹
1375 319 1444 365 qui
1479 317 1522 357 id

327 392 467 425 unum,
497 379 606 426 quod
635 382 816 417 omnium
850 380 1204 419 sceleratissimum
1237 381 1374 428 fuerit,
1404 395 1522 420 exce-

244 446 296 480 83
327 445 454 490 perit!
514 443 625 491 Quid
654 447 780 492 igitur
808 447 966 483 minuta
995 445 1234 492 colligimus,
1255 445 1521 493 hereditates,

327 513 586 555 mercaturas,
607 508 864 547 venditiones
884 508 1190 547 fraudulentas?
1220 523 1316 548 ecce
1338 510 1429 558 tibi,
1449 513 1518 558 qui

326 583 397 610 rex
430 572 568 619 populi
606 573 774 610 Romani
808 572 1076 620 dominusque
1113 577 1294 612 omnium
1330 577 1516 621 gentium

327 649 414 675 esse
436 640 712 684 concupiverit
731 637 854 684 idque
881 637 1118 685 perfecerit!
1178 638 1300 676 Hanc
1319 638 1518 686 cupidita-

326 706 412 738 tem
433 704 465 739 si
490 701 703 739 honestam
731 704 819 748 quis
847 714 934 739 esse
962 701 1074 749 dicit,
1095 715 1234 740 amens
1261 707 1325 741 est
1334 715 1345 748 ;
1374 703 1518 750 probat

327 767 437 802 enim
457 764 595 811 legum
617 770 660 802 et
679 765 879 803 libertatis
895 768 1107 803 interitum
1123 779 1341 813 earumque
1357 779 1520 814 oppres-

326 832 482 866 sionem
521 834 694 866 taetram
734 834 777 866 et
810 829 1098 867 detestabilem
1135 829 1350 876 gloriosam
1388 835 1517 878 putat.

326 892 409 940 Qui
428 898 567 930 autem
587 893 741 931 fatetur
760 893 978 931 honestum
998 906 1080 930 non
1101 906 1189 932 esse
1209 896 1252 932 in
1272 907 1320 932 ea
1339 897 1518 942 civitate,

325 970 428 1003 quae
449 957 576 994 libera
597 957 720 994 fuerit
740 949 942 1004 quaeque2
962 970 1049 995 esse
1065 957 1228 1004 debeat,
1243 971 1428 1006 regnare,
1443 959 1514 998 sed

325 1019 377 1063 ei,
398 1019 466 1063 qui
486 1017 528 1054 id
548 1016 680 1054 facere
702 1019 841 1063 possit,
861 1029 948 1055 esse
968 1017 1083 1063 utile,
1103 1031 1183 1064 qua
1202 1017 1310 1055 hunc
1329 1018 1514 1066 obiurga·

324 1084 437 1119 tione
461 1085 532 1118 aut
558 1094 638 1127 quo
666 1083 800 1128 potius
831 1083 1010 1118 convicio
1039 1094 1063 1118 a
1090 1086 1207 1119 tanto
1233 1094 1367 1120 errore
1390 1095 1514 1121 coner

324 1140 525 1178 avellere?
557 1140 696 1178 Potest
716 1143 839 1187 enim,
860 1139 902 1177 di
922 1140 1188 1178 immortales!
1218 1144 1404 1188 cuiquam
1424 1155 1512 1180 esse

324 1200 425 1238 utile
439 1199 715 1237 foedissimum
730 1205 772 1237 et
785 1203 1063 1237 taeterrimum
1077 1201 1334 1247 parricidium
1345 1205 1514 1249 patriae,

325 1262 506 1306 quamvis
526 1262 571 1305 is,
592 1262 660 1306 qui
682 1273 724 1297 se
753 1272 801 1297 eo
828 1259 1103 1305 obstrinxerit,
1123 1260 1175 1297 ab
1201 1263 1400 1307 oppressis
1419 1263 1515 1299 civi-

325 1321 400 1357 bus
421 1332 564 1366 parens
584 1319 842 1356 nominetur?
901 1319 1132 1357 Honestate
1148 1322 1273 1366 igitur
1287 1315 1517 1368 dirigenda³

325 1378 479 1416 utilitas
495 1383 571 1425 est,
588 1383 630 1415 et
651 1378 816 1425 quidem
836 1381 905 1425 sic,
927 1383 973 1416 ut
993 1377 1092 1416 haec
1112 1378 1193 1416 duo
1213 1380 1336 1418 verbo
1350 1382 1459 1419 inter
1473 1393 1517 1419 se

325 1439 567 1485 discrepare,
590 1450 632 1475 re
654 1451 778 1475 unum
800 1450 941 1475 sonare
962 1437 1186 1476 videantur.

241 1503 295 1538 84
381 1497 474 1535 Non
493 1497 636 1543 liabeo,
653 1497 704 1534 ad
725 1497 831 1544 volgi
851 1499 1084 1543 opinionem
1104 1510 1207 1544 quae
1222 1501 1348 1536 maior
1362 1498 1517 1537 utilitas

323 1570 445 1604 quam
465 1556 661 1603 regnandi
689 1569 776 1594 esse
803 1559 949 1603 possit3
979 1555 1079 1593 nihil
1101 1561 1240 1595 contra
1260 1557 1442 1596 inutilius
1462 1560 1513 1605 ei,

322 1619 391 1663 qui
405 1615 446 1653 id
459 1618 606 1653 iniuste
620 1620 860 1653 consecutus
872 1618 937 1662 sit,
950 1618 1124 1662 invenio,
1137 1629 1229 1653 cum
1241 1615 1293 1654 ad
1301 1619 1514 1656 veritatem

369 1686 382 1707 ¹
395 1687 599 1720 Bracketed
614 1687 661 1730 by
679 1688 759 1723 Ed..
782 1687 909 1725 Helue,
928 1692 964 1719 et
980 1689 1026 1720 al.

369 1731 507 1774 ’fuerit
520 1742 680 1773 quaeque
697 1742 725 1770 c,
749 1731 839 1763 Edd.
851 1743 858 1769 ;
872 1732 958 1782 fuft
976 1732 1001 1763 Β
1021 1731 1054 1763 H
1073 1743 1096 1763 a
1114 1731 1148 1783 b.

366 1775 380 1796 ³
392 1775 581 1817 (lingenda
599 1775 719 1814 MSS„
739 1775 829 1806 Edd.
851 1777 1030 1817 plerique3
1053 1775 1244 1815 derqffenda
1261 1775 1328 1808 Ed.

366 1895 501 1926 aFrom
520 1893 560 1925 Α.
582 1892 618 1925 S.
639 1893 766 1935 XVay's
784 1892 1013 1925 translation.

363 1936 471 1970 bThe
496 1938 572 1969 title
596 1936 784 1968 bestowed
807 1947 852 1968 on
878 1936 1007 1969 Cicero
1029 1935 1086 1968 for
1107 1936 1241 1978 saving
1267 1937 1328 1969 the
1352 1948 1390 1970 re
1418 1937 1512 1970 ublic

319 1982 369 2024 (in
386 1981 444 2023 63)
460 1981 534 2013 and
550 1991 594 2012 on
613 1980 757 2013 Caesar
772 1980 828 2013 for
842 1980 1115 2023 overthrowing
1131 1980 1156 2012 it
1179 1979 1290 2022 (after
1311 1980 1374 2013 the
1399 1982 1512 2014 uaule

320 2027 362 2059 of
376 2025 525 2063 Munda,
545 2024 579 2056 in
595 2024 663 2066 45).

416 2075 496 2115 356
