1546 2294
174 859 252 898 116

167 1744 239 1781 117

574 127 775 167 CICERO
806 127 882 166 DE
912 127 1148 167 OFFICIIS

280 210 436 258 fraude,
457 216 503 249 ut
529 213 616 249 iure
644 209 814 248 iurando
840 210 1124 256 liberarentur,
1148 222 1298 257 eosque
1324 221 1349 247 a
1377 221 1472 248 cen-

280 293 434 330 soribus
454 292 640 330 omnibus
658 292 892 338 ignominiis
911 296 1082 329 notatos.

337 372 399 411 Sit
419 375 499 410 iam
519 372 638 410 huius
657 372 735 410 loci
756 372 855 410 finis.
919 371 1181 419 Perspicuum
1200 375 1264 409 est
1283 373 1394 409 enim
1413 383 1476 418 ea,

281 467 384 501 quae
405 453 550 492 timido
576 455 724 500 animo,
744 453 903 500 humili,
924 452 1099 491 demisso
1124 452 1334 499 fractoque
1361 450 1475 498 fiant,

281 535 400 581 quale
420 534 565 573 fuisset
594 533 739 581 Reguli
760 533 928 581 factum,
947 536 981 572 si
1000 537 1072 571 aut
1091 533 1143 572 de
1163 534 1345 580 captivis,
1365 530 1475 579 quod

281 619 356 663 ipsi
377 629 476 664 opus
498 629 586 654 esse
606 615 827 662 videretur,
848 628 931 653 non
951 614 1060 662 quod
1080 617 1140 653 rei
1159 613 1358 662 publicae,
1379 625 1475 651 cen-

281 701 428 737 suisset
448 703 520 736 aut
540 697 649 735 domi
675 710 887 735 remanere
909 696 1113 743 voluisset,
1134 708 1217 734 non
1237 707 1324 734 esse
1344 694 1475 741 utilia,

282 782 377 827 quia
396 781 479 817 sint
498 778 707 826 flagitiosa,
728 777 861 825 foeda,
882 780 1027 825 turpia.

338 859 534 898 XXXIII.
571 860 713 898 Restat
728 864 871 906 quarta
883 872 987 906 pars,
1001 871 1105 906 quae
1117 858 1278 906 decore,
1292 857 1477 896 modera-

281 944 407 989 tione,
423 941 635 988 modestia,
653 943 918 987 continentia,
935 943 1207 988 temperantia
1227 942 1472 978 continetur.

338 1023 478 1061 Potest
506 1025 632 1070 igitur
659 1024 874 1069 quicquam
901 1020 1002 1059 utile
1030 1034 1132 1068 esse,
1153 1021 1262 1069 quod
1292 1023 1346 1059 sit
1375 1019 1471 1058 huic

278 1112 421 1150 talium
447 1114 645 1149 virtutum
669 1110 791 1148 choro
815 1110 1086 1148 contrarium?
1144 1110 1273 1157 Atqui
1299 1110 1350 1147 ab
1377 1108 1468 1146 Ari·

277 1188 411 1232 stippo
432 1185 642 1232 Cyrenaici
661 1188 785 1230 atque
802 1183 1011 1221 Annicerii
1026 1182 1256 1231 philosophi
1271 1183 1469 1220 nominati

277 1279 397 1304 omne
437 1267 588 1304 bonum
626 1266 669 1302 in
701 1242 911 1312 voluptate
943 1269 1166 1311 posuerunt
1195 1263 1470 1310 virtutemque

279 1352 527 1386 censuerunt
546 1347 598 1384 ob
619 1359 708 1385 eam
736 1359 822 1384 rem
850 1358 937 1383 esse
967 1345 1226 1393 laudandam,
1247 1345 1357 1393 quod
1387 1343 1469 1383 effi-

280 1431 391 1466 ciens
445 1433 554 1466 esset
606 1426 837 1474 voluptatis.
912 1425 1070 1473 Quibus
1115 1426 1306 1465 obsoletis
1354 1425 1471 1464 floret

278 1509 488 1557 Epicurus,
506 1509 688 1547 eiusdem
709 1509 795 1547 fere
814 1508 975 1547 adiutor
987 1513 1207 1555 auctorque
1223 1509 1464 1546 sententiae.

276 1587 376 1624 Cum
396 1585 458 1623 his
480 1576 629 1622 “viris¹
650 1584 885 1632 equisque,”
907 1589 954 1622 ut
973 1584 1134 1631 dicitur,
1155 1586 1187 1622 si
1207 1582 1465 1621 honestatem

274 1665 379 1701 tueri
400 1675 446 1700 ac
466 1665 645 1699 retinere
666 1663 873 1699 sententia
893 1665 968 1706 est,
989 1659 1283 1698 decertandum
1303 1663 1376 1698 est.

330 1740 435 1777 Nam
462 1741 494 1777 si
525 1751 607 1776 non
633 1737 754 1775 modo
781 1737 947 1783 utilitas,
973 1737 1044 1775 sed
1071 1739 1154 1775 vita
1183 1739 1313 1774 omnis
1344 1736 1464 1774 beata

273 1818 447 1863 corporis
487 1814 599 1852 firma
633 1816 925 1852 constitutione
958 1815 1124 1860 eiusque
1163 1814 1464 1851 constitutionis

272 1906 342 1940 spe
365 1891 584 1938 explorata,
602 1895 648 1928 ut
667 1904 690 1927 a
713 1890 947 1927 Metrodoro
968 1892 1162 1936 seriptum
1183 1893 1258 1935 est,
1279 1891 1461 1927 contine-

272 1974 349 2015 tur,
371 1972 482 2005 certe
510 1967 609 2004 haec
638 1966 805 2012 utilitas,
827 1970 870 2003 et
890 1965 1054 2012 quidem
1076 1978 1231 2003 summa
1256 1956 1330 2011 (sic
1351 1956 1465 2003 enim¹

495 2049 602 2080 'viris
617 2058 636 2079 c
653 2058 687 2090 p,
709 2046 818 2084 Edd.;
835 2046 931 2079 veris
946 2046 977 2077 A
997 2046 1023 2077 Β
1044 2046 1076 2077 Η
1096 2046 1130 2078 b.

381 2099 460 2144 396
