1546 2294
211 1476 261 1514 37

585 104 787 144 CICERO
817 105 894 144 DE
924 106 1161 147 OFFICIIS

290 188 427 224 oratio.
489 184 622 233 Quam
649 187 701 224 ob
732 199 833 234 rem,
853 192 901 224 ut
919 187 1076 235 volgus,
1095 191 1154 226 ita
1183 201 1257 227 nos
1286 187 1365 228 hoc
1394 189 1485 228 loco

290 241 503 289 loquimur,
525 246 572 280 ut
590 242 688 280 alios
715 242 854 289 fortes,
874 243 972 281 alios
993 246 1096 282 viros
1115 244 1255 292 bonos,
1275 244 1374 283 alios
1392 258 1487 293 pru-

290 297 438 336 dentes
470 311 558 336 esse
589 298 791 344 dicamus3
830 299 1090 346 popularibus
1120 303 1230 338 enim
1259 301 1392 339 verbis
1423 306 1488 340 est

290 353 495 400 agendum
533 359 578 392 et
615 357 787 401 usitatis,
819 368 911 392 cum
949 348 1170 402 loquimur¹
1204 356 1257 394 de
1295 359 1487 404 opinione

290 409 487 457 populari,
502 409 625 456 idque
642 410 787 448 eodem
802 411 924 449 modo
943 411 1043 449 fecit
1064 411 1291 450 Panaetius.
1333 412 1416 451 Sed
1434 412 1487 451 ad

289 468 540 512 propositum
558 471 819 504 revertamur.

346 522 447 560 Erat
474 524 600 568 igitur
627 535 678 560 ex
705 514 778 560 iis²
797 522 941 570 tribus,
960 535 1064 570 quae
1084 523 1136 561 ad
1162 523 1334 570 gloriam
1360 526 1486 571 perti-

290 582 450 624 nerent,
472 577 549 615 hoc
574 580 757 624 tertium,
776 583 824 616 ut
854 590 947 616 cum
976 578 1244 617 admiratione
1274 579 1485 618 hominum

290 633 448 671 honorev
463 634 515 671 ab
534 626 608 671 iis³
627 634 742 680 digni
761 634 1041 672 iudicaremur.
1074 634 1341 674 Admirantur
1359 638 1485 683 igitur

291 692 561 727 communiter
575 690 633 727 illi
649 689 815 736 quidem
828 693 976 737 omnia,
989 703 1093 738 quae
1108 704 1257 738 magna
1268 696 1312 730 et
1323 697 1486 739 praeter

291 748 523 792 opinionem
543 759 656 783 suam
676 745 1068 793 animadverterunt,
1086 750 1305 794 separatim
1331 752 1485 795 autem,

290 804 333 839 in
353 801 522 848 singulis
542 804 575 839 si
602 804 854 849 perspiciunt
873 805 1116 849 necopinata
1139 803 1339 850 quaedam
1365 803 1482 842 bona.

293 857 310 894 Ι
315 862 437 904 taque
450 870 518 895 eos
531 860 634 895 viros
647 860 872 904 suspiciunt
886 860 1151 905 maximisque
1167 858 1341 897 efferunt
1355 858 1484 897 laudi-

291 914 378 960 bus,
405 916 448 951 in
468 914 613 960 quibus
633 916 868 952 existimant
887 926 930 952 se
951 913 1201 952 excellentes
1221 914 1415 962 quasdam
1439 920 1484 954 et

290 969 514 1016 singulares
526 972 754 1016 perspicere
767 972 952 1015 virtutes,
964 969 1196 1017 despiciunt
1207 975 1344 1008 autem
1358 983 1427 1008 eos
1439 976 1484 1009 et

290 1030 574 1072 contemnunt,
589 1028 631 1063 in
645 1026 790 1072 quibus
802 1025 904 1062 nihil
918 1028 1094 1073 virtutis,
1106 1025 1208 1063 nihil
1222 1028 1360 1073 animi,
1379 1026 1481 1064 nihil

290 1094 505 1119 nervorum
523 1086 682 1128 putant.
723 1081 815 1119 Non
833 1084 943 1119 enim
957 1094 1099 1119 omnes
1113 1095 1182 1120 eos
1197 1087 1480 1129 contemnunt,

292 1137 343 1175 de
357 1137 502 1184 quibus
513 1136 619 1175 male
633 1139 878 1175 existimant.
898 1137 1004 1175 Nam
1016 1150 1115 1184 quos
1128 1138 1344 1185 improbos,
1355 1137 1480 1176 male-

292 1193 415 1239 dicos,
435 1192 715 1230 fraudulentos
733 1197 882 1240 putant
901 1198 945 1231 et
969 1193 1022 1231 ad
1047 1193 1275 1231 faciendam
1294 1196 1482 1232 iniuriam

293 1252 523 1295 instructos,
544 1262 612 1286 eos
633 1248 741 1286 haud
761 1253 1031 1286 contemnunt
1045 1243 1242 1296 quidem,4
1256 1249 1328 1288 sed
1344 1249 1396 1288 de
1411 1242 1483 1288 iis-‘⁵

293 1304 398 1342 male
419 1307 663 1342 existimant.
702 1303 836 1351 Quam
856 1305 907 1342 ob
927 1317 1026 1351 rem,
1042 1310 1090 1342 ut
1108 1310 1205 1343 ante
1225 1305 1323 1352 dixi,
1343 1310 1484 1344 conte-

293 1365 489 1398 mnuntur
509 1353 570 1406 ii‚⁶
593 1362 662 1406 qui
682 1350 793 1397 “nec
817 1360 892 1397 sibi
916 1373 993 1398 nec
1013 1360 1171 1406 alteri,”
1193 1365 1240 1399 ut
1259 1360 1422 1408 dicitur,
1441 1364 1485 1399 in

293 1417 438 1463 quibus
458 1416 593 1454 nullus
612 1416 738 1461 labor,
759 1416 870 1453 nulla
889 1415 1100 1463 industria,
1120 1415 1232 1454 nulla
1251 1430 1347 1454 cura
1365 1422 1439 1455 est.

349 1472 630 1510 Admiratione
676 1477 815 1509 autem
862 1472 1091 1509 afficiuntur
1136 1475 1178 1518 ii,
1217 1475 1286 1519 qui
1324 1476 1482 1511 anteire

293 1531 439 1566 ceteris
454 1531 604 1566 virtute
620 1532 817 1575 putantur
832 1532 876 1565 et
890 1541 983 1565 cum
998 1530 1107 1565 omni
1121 1541 1256 1566 carere
1268 1528 1483 1575 dedecore,

292 1590 380 1622 tum
411 1597 506 1622 vero
537 1586 584 1621 iis
615 1586 735 1630 vitiis,
762 1584 907 1630 quibus
937 1583 1005 1621 alii
1043 1596 1126 1621 non
1164 1583 1282 1622 facile
1315 1589 1485 1631 possunt

292 1640 497 1677 obsistere.
541 1639 646 1676 Nam
663 1644 706 1677 et
721 1639 965 1686 voluptates,
980 1639 1264 1677 blandissimae
1280 1639 1482 1687 dominae,

291 1698 450 1733 maioris
469 1698 594 1742 partis
614 1687 792 1733 animos⁷
812 1708 835 1731 a
855 1697 1006 1733 virtute
1026 1694 1275 1742 detorquent
1294 1700 1350 1742 et,
1371 1695 1483 1733 dolo-

291 1765 379 1789 rum
400 1765 491 1789 cum
512 1751 780 1789 admoventur
800 1750 922 1797 faces,
938 1756 1099 1797 praeter
1113 1751 1279 1789 modum
1299 1751 1482 1798 plerique

290 1812 569 1851 exterrentur;
614 1809 695 1844 vita
728 1820 847 1853 mors,
882 1806 1048 1844 divitiae
1087 1812 1304 1854 paupertas
1342 1819 1483 1845 omnes

331 1903 532 1946 1ῖοᾳιιίφηιιν
548 1904 575 1935 Β
591 1916 599 1942 ;
616 1904 807 1946 loquamur
822 1903 855 1935 H
874 1914 897 1934 a
914 1903 937 1935 b
951 1915 959 1941 3
976 1904 1162 1945 loquemur
1175 1915 1205 1936 c.

332 1947 400 1980 ²i1‘s
419 1949 471 1980 Βι.
491 1960 499 1986 ;
516 1948 574 1979 his
593 1948 618 1979 13
635 1948 668 1979 H
685 1960 693 1986 3
710 1946 782 1989 hijs
797 1958 816 1979 e
831 1959 839 1984 ;
857 1953 917 1979 not
937 1947 1007 1979 ina
1024 1947 1057 1979 b.

333 1992 401 2023 ³iz‘s
418 1992 472 2023 Bt.
491 2004 499 2030 ;
521 1991 580 2023 Itis
597 1992 624 2023 B
639 1992 671 2023 H
690 2003 712 2023 a
731 1991 774 2028 b;
792 1990 864 2032 hiss'
879 2001 909 2023 c.

334 2035 453 2067 ‘haud
475 2038 705 2068 contemnunt
727 2035 870 2076 quidem
895 2034 929 2073 b,
965 2032 1060 2072 Bt.²;
1084 2037 1315 2067 contemnunt
1337 2035 1480 2077 quidem

398 2091 476 2123 204
